2060 3232
100 260 268 322 ipsum
311 259 406 307 tibi
451 257 674 321 exhibeS,
718 256 956 320 floruisti,
1005 256 1141 319 quod
1185 257 1236 305 et
1281 257 1424 305 nobis
1471 258 1548 305 est
1584 258 1790 322 gratum

101 336 152 382 et
196 331 530 381 necessarium
573 330 668 378 tibi
713 346 774 378 ex
817 330 1082 392 superfluo.
1158 330 1319 394 igitur
1363 331 1422 378 de
1469 330 1613 380 dorso
1654 331 1791 394 apud

99 409 150 455 te
187 422 351 469 pauca
388 405 629 468 dicemus,
675 403 794 452 licet
830 420 951 452 cura
988 403 1136 451 istius
1175 403 1395 466 corporis
1440 403 1536 451 tibi
1582 405 1788 469 aurigae

98 480 295 542 privato
326 495 428 528 non
459 478 583 527 adeo
615 477 682 525 sit
712 477 1003 542 necessaria,
1045 477 1165 539 quia
1200 477 1366 526 curuli
1397 494 1525 540 equo
1559 493 1589 525 a
1618 478 1789 527 labore

6 603 13 608 ¹
54 563 77 598 5
98 568 214 616 pars
260 553 360 601 ista
405 552 624 614 corporis
671 551 836 600 aliena
882 554 970 600 est.
1047 553 1218 600 tamen
1262 553 1323 599 ut
1368 568 1428 600 ex
1474 551 1609 600 omni
1646 554 1790 614 parte

98 627 295 691 integra
340 626 653 688 inlibataque
703 640 911 688 corpora
960 640 1205 688 equorum
1247 627 1586 689 perseverent,
1637 625 1791 673 etiam

96 701 224 749 hanc
263 716 438 749 curam
475 699 598 749 scire
636 701 688 747 te
726 698 971 748 convenit.

210 774 264 822 Si
302 775 504 823 dorsum
534 772 750 837 laeserit,
790 774 907 821 ante
940 772 1108 822 omnia
1139 772 1302 822 otium
1332 775 1409 822 est
1438 773 1788 837 necessarium,
1806 772 1901 818 164

95 850 156 896 ut
193 850 244 896 et
281 847 574 912 diligentius
620 849 825 895 curetur
870 848 921 895 et
956 848 1073 909 post
1117 862 1290 895 curam
1334 847 1556 909 spatium
1595 847 1791 896 dierum

29 935 74 967 10
95 922 385 986 largiamur,
423 937 514 970 nec
551 922 659 968 tam
696 920 795 969 cito
834 919 1171 984 injungendus
1210 922 1287 969 est
1323 921 1486 985 labor,
1526 937 1587 969 ne
1627 921 1790 970 adhuc

95 999 268 1045 tenera
286 996 496 1044 vulnera
518 994 704 1043 laboris
727 993 967 1042 iniuriam
989 1010 1089 1042 non
1111 994 1278 1042 ferant
1300 1010 1581 1057 noxamque
1605 995 1790 1043 iterum

94 1069 405 1119 contrahant.
456 1068 622 1117 curari
653 1070 825 1116 autem
848 1068 995 1117 debet
1026 1068 1117 1116 sic:
1150 1068 1193 1115 si
1215 1069 1400 1117 vulnus
1425 1069 1594 1133 fuerit,
1626 1069 1788 1133 gallas

96 1143 327 1207 Syriacas
365 1143 651 1192 combustas
692 1158 808 1190 cum
844 1142 991 1190 melle
1029 1142 1228 1191 vulneri
1267 1143 1630 1205 superimpone

204 1217 334 1265 Item
373 1217 514 1265 aliud
550 1216 738 1264 faciens
777 1216 842 1264 ad
881 1215 1048 1264 omnia
1085 1217 1308 1264 vulnera.
1385 1217 1644 1279 pulverem
1683 1232 1787 1266 cor-
1806 1227 1901 1274 165

28 1302 71 1336 15
94 1291 208 1339 ticis
257 1291 366 1353 pini
416 1292 467 1339 et
517 1286 760 1354 (florem)
809 1290 959 1338 calcis
1008 1289 1153 1339 vivae
1210 1305 1371 1353 aequo
1425 1291 1641 1374 pondere
1696 1291 1788 1338 mi-

25 1395 30 1399 »
94 1364 250 1413 scebis
304 1366 356 1413 et
407 1364 698 1413 vulneribus
752 1378 1128 1427 supersparges,
1185 1366 1276 1412 aut
1329 1365 1551 1426 cupressi
1602 1365 1788 1427 pilulas

93 1442 269 1486 tunsas
307 1440 359 1486 et
397 1438 638 1487 cribratas
676 1438 969 1487 vulneribus
1006 1437 1244 1499 impones.

204 1513 335 1560 Item
378 1514 494 1574 post
539 1528 712 1561 curam
756 1514 816 1559 ut
861 1511 954 1573 pili
993 1513 1237 1575 crescant,
1284 1511 1590 1560 testudinem
1635 1527 1789 1574 supra
1806 1515 1902 1561 166

95 1587 346 1634 sarmenta
401 1585 658 1634 combures
712 1588 763 1633 et
814 1585 868 1632 in
918 1585 1133 1633 cinerem
1181 1585 1448 1650 diligenter
1494 1585 1689 1650 rediges
1740 1588 1791 1634 et

24 1672 69 1704 20
93 1660 273 1708 tritum
333 1659 387 1707 in
448 1659 715 1709 caccabum
774 1675 963 1708 novum
1022 1659 1192 1707 mittes
1254 1661 1305 1707 et
1359 1659 1595 1708 aluminis
1649 1660 1792 1708 crudi

91 1733 265 1782 uncias
296 1733 374 1781 ΠΙ
419 1735 470 1782 et
516 1733 766 1781 medullae
814 1733 1041 1782 cervinae
1090 1733 1225 1795 quod
1271 1733 1459 1782 sufficit
1504 1750 1619 1782 cum
1670 1734 1788 1784 vino

91 1808 281 1870 pariter
327 1807 382 1855 in
419 1807 628 1856 caccabo
679 1807 975 1856 confricabis
1025 1808 1076 1854 et
1123 1807 1398 1869 superlines
1448 1808 1788 1870 compluribus

92 1881 279 1930 diebus.

205 1955 361 2003 Aliud
407 1955 639 2018 apopiras
676 1954 932 2019 Pelagoni.
1010 1955 1269 2016 pulverem
1315 1955 1374 2003 de
1419 1956 1608 2017 lupinis
1657 1972 1786 2005 com·
1805 1958 1896 2004 167

28 2039 72 2074 25
94 2029 255 2077 bustis
297 2026 411 2092 <vel
447 2029 578 2077 fabis
615 2025 814 2093 frictis>
851 2029 968 2077 vino
1007 2028 1222 2076 mixtum
1260 2030 1524 2091 superline.

201 2103 332 2151 Item
370 2103 413 2151 si
452 2103 656 2152 dorsum
694 2103 756 2151 ab
795 2102 982 2151 iniuria
1028 2104 1119 2150 aut
1164 2102 1417 2164 imperitia
1455 2104 1672 2152 sedentis
1710 2105 1784 2152 in-
1804 2105 1898 2150 168

91 2177 348 2240 tumuerit,
387 2176 573 2225 Arcadi
604 2177 850 2239 apopiras.
912 2176 1182 2224 mallonem
1212 2191 1376 2240 caepe,
1412 2177 1465 2224 id
1495 2179 1571 2225 est
1601 2178 1788 2226 fascem

90 2251 223 2299 unde
270 2266 419 2313 caepe
465 2250 633 2313 ipsum
687 2250 931 2312 dependet
983 2250 1036 2297 in
1094 2249 1310 2298 calidam
1366 2250 1786 2300 ferventissimam

91 2324 281 2389 mittes,
328 2326 389 2371 ut
427 2324 716 2387 incalescat,
764 2326 815 2372 et
859 2325 1035 2386 postea
1081 2323 1300 2372 calidum
1346 2339 1498 2387 supra
1536 2327 1786 2375 tumorem

25 2409 69 2441 3⁰
92 2398 315 2460 impones
340 2401 430 2446 aut
453 2398 610 2447 fascia
633 2397 941 2461 constringes
967 2399 1057 2445 aut
1081 2397 1383 2446 scordiscum
1410 2400 1785 2463 superimpones

92 2474 143 2520 et
180 2487 283 2520 una
321 2473 464 2520 nocte
505 2474 556 2520 et
593 2472 671 2520 die
711 2472 781 2520 sic
818 2473 1033 2520 maneat.
1112 2471 1388 2521 certissima
1425 2474 1619 2523 medela
1657 2477 1745 2523 est.

211 2632 237 2671 2
257 2629 371 2681 aput
393 2630 409 2684 ss
433 2626 644 2672 4curulis
668 2629 683 2686 ΙΙ
708 2633 732 2672 7
753 2627 871 2672 scire
885 2628 956 2686 te]
981 2626 1124 2671 sciret
1138 2629 1196 2694 ‘et
1219 2630 1234 2685 [Ι
1258 2633 1284 2672 8
1301 2628 1464 2673 leserit
1487 2633 1546 2674 afi
1562 2644 1663 2675 0108
1686 2632 1702 2686 [Ι
1730 2635 1782 2674 13

94 2684 355 2786 supinpone
379 2687 394 2743 ΙΙ
421 2691 474 2731 15
498 2685 531 2746 <
551 2687 582 2746 >
605 2688 787 2732 restitui
810 2702 864 2732 ex
887 2687 989 2744 Vey.
1014 2688 1029 2744 ΙΙ
1056 2691 1108 2730 17
1134 2685 1332 2743 inpones
1355 2690 1371 2741 ΙΙ
1395 2692 1452 2731 20
1469 2688 1619 2734 mittis
1647 2693 1655 2745 Ι
1682 2704 1782 2734 cru-

94 2743 214 2788 dunc
239 2746 255 2802 11
279 2749 334 2788 22
367 2746 617 2802 super-linis
640 2747 656 2804 ΙΙ
682 2749 735 2789 25
766 2745 799 2806 <
820 2745 852 2805 >
885 2760 919 2790 e.
950 2760 1020 2804 qr.
1044 2747 1227 2790 restitui
1249 2761 1303 2790 ex
1327 2746 1387 2790 H
1403 2751 1444 2791 et
1473 2747 1575 2814 Vey.
1605 2749 1612 2805 Ι
1639 2749 1782 2794 mistu

93 2805 368 2862 superlinan
398 2809 454 2849 26
486 2803 711 2861 inperitia
740 2807 756 2863 ΙΙ
787 2811 842 2850 27
876 2805 1031 2850 fascae
1077 2806 1250 2848 munde
1290 2819 1432 2862 caepe
1470 2821 1567 2864 1pm
1607 2807 1780 2864 depen-

93 2861 187 2928 dezf
209 2863 224 2918 ΙΙ
248 2866 303 2906 28
336 2862 507 2908 callida
531 2865 546 2921 ΙΙ
570 2869 626 2908 29
659 2865 882 2909 callidum
905 2866 920 2922 ΙΙ
944 2868 1001 2910 30
1031 2863 1226 2922 inpones
1258 2867 1266 2925 Ι
1294 2866 1575 2924 constringis
1602 2870 1609 2925 1
1638 2881 1778 2924 super

92 2920 289 2977 inpones
320 2921 336 2977 [Ι
367 2926 421 2966 31
453 2923 656 2968 medella

182 3002 276 3044 Iun,
298 3003 541 3044 Pelagonius.
1398 3004 1424 3043 5

2052 1459 2060 1593 ,ρῳ-Α..
2056 1421 2060 1437 ..
