2060 3232
808 141 1213 195 —127—

170 276 378 342 σιτίνης,
402 275 526 326 ὅθεν
557 273 714 342 μέλλει
743 274 918 326 λοιπὸν
947 274 1095 343 ἄρτος
1125 277 1371 343 γίνεσθαι,
1411 279 1617 343 σφαιρία
1647 279 1858 345 ποιήσας

170 349 287 416 μετὰ
334 348 590 415 ἑψήματος
634 353 700 416 τῷ
748 349 853 420 ζώῳ
902 350 1046 401 δίδου
1101 345 1186 414 ἐφ’
1239 350 1434 411 ἱκαναῖς
1485 348 1718 420 ἡμέραις,
1766 353 1856 415 ἕως

168 423 232 474 ἂν
270 423 464 494 ὑγιάνῃ.
542 422 753 483 ποτίζων
793 420 846 474 δὲ
893 423 1013 474 αύτὸ
1063 422 1282 490 μέμνησο
1330 428 1394 494 τῷ
1442 424 1585 476 ὕδατι
1630 429 1856 493 μιγνύειν

166 495 284 548 άλευ
316 516 391 547 ον.

120 585 142 618 5
275 516 335 620 g
364 574 429 621 77
474 564 569 639 (=
595 573 661 620 M
683 573 750 621 78
777 566 921 640 φβ’);
953 570 1092 639 Πρὸς
1123 571 1366 623 παντοίαν
1395 574 1525 640 βῆχα
1557 572 1638 623 διὰ
1669 573 1991 641 usipus-477·

165 644 387 709 αἰθάλην
424 645 681 712 καθαρίως
719 646 897 706 λεάνας
934 645 1018 696 καὶ
1055 645 1109 697 ἐκ
1147 647 1328 713 ταύτης
1362 648 1641 715 κοχλιάριον
1681 647 1856 714 μεστὸν

165 717 393 786 ἐμβαλὼν
432 719 502 779 εἰς
539 717 685 786 κέρας
722 719 807 770 καὶ
845 714 988 771 οἶνον
1026 720 1238 771 παλαιὸν
1286 721 1529 787 συμμίξας
1574 721 1655 772 ἐπὶ
1699 722 1856 790 τρισὶν

163 790 369 861 ’ἡμέραις
406 791 697 860 έγχυμάτιζε.

275 869 333 916 H
363 870 430 917 79
473 861 569 990 (ἷ-τ
595 869 659 916 Μ
679 870 750 917 80
774 861 946 935 φκδ’);
1000 867 1140 933 Πρὸς
1186 870 1314 935 βῆχα
1359 868 1525 919 ἵππων
1572 868 1690 936 ὅπερ
1736 868 1855 935 ἀλη-
1871 881 1990 928 478*

97 953 141 986 10
164 938 404 991 θέστατον
457 959 479 990 ε
501 940 606 991 δον.
667 941 888 1007 βοτάνην
933 939 1025 1006 τὴν
1064 940 1334 1009 λεγομένην
1382 942 1615 993 λάπαθον
1662 942 1854 1009 ἑψήσας

165 1013 402 1081 ἐπιμελῶς
432 1014 646 1080 ποίησον
678 1016 886 1082 σφαιρία
914 1015 1000 1066 καὶ
1029 1016 1221 1076 τούτοις
1250 1015 1471 1084 πρόσθες
1502 1016 1667 1067 ἔλαιον
1695 1014 1855 1068 Ἱσπά-

162 1108 275 1140 νιον
314 1086 429 1150 ὄξος
465 1107 515 1139 τε
551 1088 653 1155 ἅμα
690 1088 855 1156 βαλὼν
892 1088 977 1140 καὶ
1013 1090 1228 1155 κύμινον
1272 1089 1356 1141 καὶ
1403 1091 1524 1151 ἅλας
1571 1090 1854 1160 συμμέτρως

164 1162 310 1214 δίδου
347 1167 415 1232 τῷ
454 1162 586 1234 ζώῳ,
631 1167 689 1234 τῇ
731 1161 821 1229 μὲν
859 1163 1026 1235 πρώτῃ
1064 1161 1222 1234 ἡμέρα
1271 1165 1478 1231 σφαιρία
1515 1165 1649 1231 τρία,
1694 1170 1754 1236 τῇ
1803 1164 1855 1216 δὲ

164 1235 366 1307 δευτέρᾳ
412 1233 484 1302 δ’,
521 1242 582 1308 τῇ
629 1238 765 1308 τρίτῃ
804 1235 859 1303 ε’,
910 1237 995 1288 καὶ
1041 1237 1208 1309 γνώσῃ
1256 1237 1348 1303 τὴν
1397 1246 1486 1289 τοῦ
1531 1239 1856 1305 βοηθήματος

95 1322 138 1356 15
161 1308 416 1376 ὠφέλειαν.

273 1387 338 1434 M
376 1389 441 1436 77
491 1380 646 1435 υπθ’;
699 1383 840 1453 Πρὸς
881 1387 1023 1452 βῆχα.
1114 1384 1204 1454 χρὴ
1258 1390 1360 1446 τοῖς
1414 1385 1658 1452 βήσσουσι
1713 1387 1854 1447 ζώοις
1869 1399 1988 1445 4¹79*

163 1458 399 1510 δίδοσθαι
435 1456 507 1509 ὠὰ
545 1456 780 1520 ζεσθέντα
817 1457 898 1509 ἐπὶ
934 1456 1118 1526 ἡμέρας
1155 1456 1207 1526 γ’
1253 1460 1322 1520 εἷς
1370 1458 1481 1522 ὄξος
1526 1458 1852 1527 ἐμβληθέντα.

163 1532 335 1593 δώσεις
374 1530 426 1583 δὲ
465 1531 518 1583 ἐκ
555 1533 742 1584 τούτων
774 1534 836 1584 ἓν
872 1529 994 1584 καθ’
1037 1532 1261 1599 ἑκάστην.

273 1609 341 1657 Μ
369 1611 435 1658 77
477 1603 621 1675 vqe':
660 1606 798 1676 Πρὸς
842 1609 970 1674 βῆχα
1008 1607 1195 1674 ὅμοιον.
1258 1607 1472 1674 βολβοὺς
1511 1609 1853 1676 Μεγαρικούς,
1869 1620 1989 1667 480*

95 1694 139 1727 20
161 1681 344 1749 κρόκον
382 1680 465 1731 καὶ
505 1680 688 1749 σκόρδα
718 1681 932 1732 Γαλλικὰ
961 1681 1045 1732 καὶ
1076 1681 1421 1749 λινόσπερμον,
1452 1686 1610 1748 τῆλιν,
1641 1681 1850 1750 ἄλευρον

160 1756 395 1822 κρίθινον
445 1753 571 1821 ὁμοῦ
624 1755 826 1816 λειώσας
878 1755 963 1806 καὶ
1014 1755 1178 1821 κόψας
1231 1757 1358 1807 ποίει
1424 1757 1642 1824 σφαιρία.
1736 1756 1853 1823 μετὰ

163 1828 350 1896 μέλιτος
389 1827 422 1894 ἢ
460 1829 765 1897 ὑγροπίσσης
805 1831 965 1881 δίδου.

273 1906 334 1953 Η
361 1907 465 1954 168
507 1898 603 1972 (=
635 1907 698 1953 M
740 1908 843 1956 102
885 1899 1048 1973 ψις’)ε
1103 1903 1426 1971 Πελαγωνίου
1473 1903 1597 1970 πρὸς
1643 1901 1852 1969 αὔξησιν
1867 1916 1962 1962 481

161 1984 350 2045 τριχῶν.
395 1978 579 2046 χάρτην
609 1976 643 2044 ἢ
671 1978 905 2047 πάπυρον
936 1978 1125 2038 καύσας
1155 1977 1238 2029 καὶ
1270 1977 1388 2044 μετὰ
1419 1979 1688 2045 βουτύρου,
1728 1990 1851 2044 συμ-

96 2062 140 2098 25
164 2052 307 2118 μίξας
344 2049 539 2120 έπίχριε.

274 2127 335 2176 Η
363 2129 466 2177 168
508 2121 603 2194 (----
635 2129 698 2176 Μ
731 2130 836 2178 102
868 2121 1029 2195 ψιγ’);
1054 2123 1200 2176 ’Άλλο
1239 2125 1364 2193 πρὸς
1394 2125 1634 2193 τρίχωσιν.
1695 2125 1849 2186 κυνὸς
1866 2130 1988 2177 482*

162 2199 385 2265 κεφαλὴν
422 2200 629 2266 καύσας,
666 2201 914 2267 προχρίων
951 2200 1038 2251 τὸν
1075 2200 1227 2251 τόπον
1265 2201 1519 2270 βουτύρῳ,
1558 2197 1815 2250 ἐπίπασσε.’

275 2276 336 2323 H
371 2277 474 2325 169
522 2268 616 2342 (·--=
650 2277 714 2324 M
746 2278 850 2326 102
883 2269 1049 2342 ψιη’);
1106 2273 1246 2342 Πρὸς
1301 2271 1510 2339 αὔξησιν
1569 2280 1745 2341 τριχῶν
1798 2271 1852 2324 έν
1869 2278 1988 2324 483*

168 2344 441 2418 ὁδοιπορίᾳ.
516 2348 729 2415 βλάχνον
768 2346 858 2413 τὴν
899 2348 1119 2415 βοτάνην
1166 2348 1358 2408 καύσας
1403 2346 1637 2398 κάκεῢθεν
1683 2347 1856 2414 ξηρίον

108 2435 151 2468 30
174 2421 384 2487 ποιήσας
421 2419 505 2472 καὶ
543 2422 662 2493 οἴνῳ
701 2422 943 2488 συμμίξας
979 2420 1174 2490 έπίχριε.

276 2498 342 2546 Μ
369 2498 437 2546 38
472 2492 577 2549 σςέ
616 2495 937 2564 Πελαγωνίου
976 2495 1099 2565 πρὸς
1144 2494 1278 2546 αύτό.
1349 2495 1668 2546 δακτυλίδιον
1716 2495 1853 2560 σιδη-
1869 2499 1967 2546 484

293 2718 315 2757 1
369 2710 524 2771 μέλλοι
554 2713 612 2758 Η
651 2718 667 2766 ss
712 2716 739 2756 5
801 2711 918 2771 πρὸς
972 2713 1205 2758 παντοίαν
1254 2713 1374 2772 βῆχα
1429 2711 1511 2756 διὰ
1562 2706 1727 2767 πείρας
1779 2710 1855 2754 M:

172 2771 283 2816 ἄλλο
315 2771 417 2816 ΗΡ
435 2775 452 2829 ss
475 2778 501 2818 9
536 2773 681 2817 ἵππου
714 2771 776 2815 Μ
799 2774 853 2816 in
882 2773 1035 2817 indice
1064 2773 1267 2830 capitum
1295 2773 1302 2829 Ι
1329 2774 1488 2817 lemma
1518 2771 1571 2815 in
1600 2769 1704 2814 ΗΡ
1753 2773 1856 2814 tan-

172 2837 268 2876 tum
299 2835 363 2876 est
393 2830 503 2876 ἄλλο
526 2834 542 2889 n
568 2836 620 2875 11
653 2830 834 2890 πρόθες
862 2831 921 2876 H
938 2832 954 2889 ΙΙ
979 2835 1034 2875 19
1066 2831 1364 2888 μαγειρικοὺς
1387 2830 1450 2875 Μ
1466 2830 1481 2885 ΙΙ
1505 2834 1561 2873 20
1586 2827 1755 2886 γάλικα
1772 2828 1834 2872 M
1841 2827 1858 2886 Η

173 2895 230 2934 23
271 2890 429 2935 zemma
467 2892 521 2936 in
551 2891 652 2936 ΗΡ
684 2895 748 2936 est
786 2889 898 2935 ἄλλο
951 2891 1254 2948 Πελαγωνίου
1293 2892 1307 2947 ΙΙ
1346 2894 1402 2933 26
1453 2888 1564 2933 ἄλλο
1594 2901 1678 2934 om.
1710 2886 1852 2946 HM}

172 2949 389 3006 τρίχωσιν
420 2949 523 2994 ΗΡ
579 2949 632 2994 τὸ
663 2955 883 3007 τριχῶσαι
914 2950 978 2994 Μ
