2060 3232
922 103 1285 157 *64—

145 250 239 295 155
364 244 496 293 116111
531 241 805 291 remedium
834 241 1107 291 viatorium
1143 241 1398 306 Pelagoni.
1461 242 1627 290 lutum
1667 242 1726 290 de
1756 242 1855 306 via,
1894 242 1947 290 id

257 320 333 367 est
370 334 431 366 ex
466 317 590 366 lotio
630 315 898 364 cuiuslibet
936 315 1054 377 equi
1091 315 1304 379 factum,
1354 315 1567 366 mixtum
1606 315 1723 364 vino
1771 318 1839 364 et
1867 331 1946 365 co-

258 393 421 441 latum
457 390 662 439 naribus
700 389 929 451 infunde3
980 391 1031 437 et
1068 405 1183 437 cum
1221 389 1482 438 siccaverit
1518 390 1700 454 lutum,
1739 390 1948 438 eandem

257 467 362 516 vim
398 481 514 514 cum
550 465 666 514 vino
705 463 869 512 habet.

148 545 242 591 156
367 539 536 588 Aliud.
615 537 718 600 apii
766 537 984 585 radicem
1032 539 1161 585 teres
1211 538 1263 584 et
1311 552 1426 585 cum
1474 537 1590 586 vino
1638 537 1808 586 sucido
1857 539 1948 585 aut
1993 548 2015 580 5

258 630 372 663 cum
410 612 667 661 melicrato
706 611 1003 673 potionabis.

147 694 238 740 157
370 687 425 735 Si
463 701 621 748 equus
660 687 913 734 veretrum
960 684 1264 732 submissum
1307 684 1541 733 habuerit
1586 701 1676 734 nec
1714 701 1945 735 revocare

256 760 495 824 potuerit,
533 774 684 822 posca
721 758 906 822 frigida
946 758 1143 806 assidue
1181 758 1363 807 foveto.
1440 759 1732 807 medebitur.

146 840 241 886 158
367 834 535 882 Aliud.
624 836 708 881 tus
763 849 915 882 ovum
969 829 1294 897 (cyminum)
1354 848 1469 881 cum
1522 833 1638 882 vino
1693 833 1843 882 misce
1898 834 1949 881 et

255 908 475 971 potiona.
1975 919 2017 952 ιο

147 988 241 1034 159
368 982 535 1030 Aliud.
613 983 802 1030 stercus
849 982 1057 1029 suillum
1103 984 1243 1030 aceto
1290 981 1504 1029 mixtum
1550 983 1601 1029 61
1637 981 1951 1043 percolatum

259 1055 412 1104 dabis

148 1136 244 1181 160
370 1129 538 1176 Aliud.
608 1129 812 1190 panacis
850 1129 1031 1177 radicis
1071 1144 1195 1191 scrp.
1234 1129 1286 1177 H
1324 1145 1439 1178 cum
1475 1129 1593 1178 vino
1632 1129 1756 1177 trita
1794 1128 1949 1177 dabis.

148 1210 241 1255 161
370 1202 538 1250 Aliud.
615 1204 761 1250 rutae
801 1203 1059 1251 silvaticae
1099 1218 1265 1251 semen
1307 1219 1422 1251 cum
1461 1218 1579 1252 suco
1624 1203 1952 1251 coliculorum

258 1276 412 1324 dabis.
489 1275 627 1337 facit«
651 1277 744 1324 hoc
784 1279 835 1324 et
873 1277 938 1324 ad
976 1277 1249 1339 strophum.
1976 1287 2018 1321 15

148 1357 242 1402 162
369 1349 527 1397 Aliud
565 1348 884 1398 Columellae.
963 1351 1131 1399 oleum
1167 1351 1383 1399 mixtum
1418 1351 1535 1400 vino
1583 1366 1735 1413 supra
1772 1350 1863 1399 ilia
1901 1351 1952 1398 et

258 1439 400 1472 renes
438 1424 668 1488 infunde,
716 1427 807 1472 aut
852 1424 895 1472 si
933 1424 985 1472 id
1023 1440 1204 1486 parum
1248 1425 1515 1488 profuerit,
1562 1425 1709 1473 melle
1749 1424 1950 1473 decocto

260 1513 317 1546 ac
357 1498 459 1546 sale
497 1498 764 1560 collyrium
802 1501 951 1546 tenue
990 1499 1104 1547 inde
1150 1498 1386 1547 foramini
1433 1515 1532 1561 quo
1578 1500 1753 1547 manat
1789 1498 1951 1562 urina,

258 1572 340 1619 vel
370 1587 594 1620 muscam
615 1572 784 1621 vivam
815 1573 1023 1622 admove
1047 1574 1128 1622 vel
1158 1573 1286 1620 turis
1317 1572 1512 1636 micam,
1544 1573 1626 1622 vel
1656 1589 1682 1621 6
1705 1572 1952 1620 bitumine

260 1646 526 1708 collyrium
563 1646 722 1694 insere
761 1647 1077 1694 naturalibus
1116 1647 1238 1695 locis
1277 1647 1358 1697 vel
1397 1647 1485 1694 alii
1526 1647 1725 1709 spicam.
1974 1657 2019 1690 20

261 1852 423 1900 VIIII.
475 1853 558 1901 De
604 1854 768 1902 laeso
816 1854 990 1902 dorso
1039 1856 1096 1902 et
1142 1854 1215 1916 de
1262 1854 1386 1916 pilo
1434 1854 1629 1902 totius
1677 1853 1952 1915 corporis

806 1930 864 1975 et
902 1928 966 1975 de
1006 1929 1411 1990 pulmunculo.

730 2029 1157 2080 PELAGONIVS
1197 2029 1484 2079 ASTYRIO

153 2139 246 2184 163
375 2132 453 2180 Sit
497 2133 615 2182 licet
659 2134 901 2182 inlibatus
948 2136 999 2182 et
1046 2135 1180 2183 omni
1224 2134 1422 2182 malitia
1469 2134 1661 2182 alienus
1708 2135 1828 2181 tuus
1867 2133 1952 2181 1116

263 2205 393 2254 circa
431 2208 818 2270 generositatem
856 2224 1101 2271 equorum
1131 2209 1383 2256 curulium
1419 2210 1693 2270 occupatus
1732 2208 1952 2271 affectus,
1977 2217 2021 2251 25

263 2279 330 2327 sit
374 2281 608 2329 voluntas
655 2282 870 2330 civiliter
914 2284 1062 2346 grata
1108 2285 1158 2330 et
1205 2282 1433 2331 omnibus
1479 2284 1621 2331 nota:
1670 2298 1770 2330 non
1821 2281 1955 2330 enim

264 2353 391 2402 circo
423 2356 503 2403 vel
534 2356 677 2419 vulgi
710 2356 1059 2418 voluptatibus
1099 2356 1322 2404 animum
1359 2356 1606 2405 miscuisti
1644 2371 1733 2404 1166
1772 2356 1955 2403 damna

264 2427 510 2489 opinionis
551 2430 610 2477 de
649 2429 812 2478 alieno
845 2430 1128 2492 spectaculo
1177 2430 1464 2494 adquisisti,
1517 2431 1602 2478 sed
1650 2446 1815 2478 amore
1854 2428 1954 2492 pri-

263 2504 382 2550 vato
432 2519 676 2565 equorum
722 2506 773 2552 et
810 2504 1072 2565 voluptate
1122 2503 1383 2569 iungendi,
1439 2520 1591 2566 quam
1640 2519 1730 2566 per
1778 2504 1952 2551 temet-

386 2678 412 2716 6
445 2672 704 2717 mellicrato
738 2674 755 2730 {l
793 2679 817 2718 7
850 2673 1147 2717 summissum
1182 2675 1197 2731 ΙΙ
1233 2678 1259 2717 8
1292 2672 1506 2717 assiduae
1537 2676 1553 2729 ΙΙ
1584 2679 1609 2717 9
1642 2674 1674 2732 <
1708 2672 1740 2732 >
1774 2674 1954 2718 restitui

267 2744 322 2774 eae
353 2731 494 2789 ΗΡΙΙ
520 2736 572 2775 13
605 2732 812 2777 radicem
839 2737 845 2787 Ι
872 2731 1032 2776 tritam
1058 2735 1072 2789 ΙΙ
1097 2737 1153 2776 14
1178 2746 1276 2776 56111
1280 2732 1389 2790 (611)]
1425 2728 1555 2788 ρίζαν
1589 2732 1695 2776 ΗΡ
1713 2736 1727 2787 ΙΙ
1755 2738 1807 2777 15
1833 2733 1951 2777 stro-

266 2789 365 2832 fum
395 2791 410 2846 ΙΙ
444 2796 497 2835 16
531 2792 721 2836 mistum
750 2794 766 2848 [1
801 2796 853 2836 17
886 2792 1061 2848 profuit
1096 2792 1185 2837 Col.
1211 2793 1226 2848 ΙΙ
1253 2795 1306 2835 18
1338 2791 1513 2834 inditur
1547 2791 1607 2834 Cu
1611 2792 1639 2837 l.
1664 2793 1679 2847 ΙΙ
1707 2797 1759 2836 19
1801 2792 1951 2835 6111111-

266 2847 390 2892 1111116
413 2851 428 2906 ΙΙ
452 2854 509 2893 20
541 2850 634 2895 alei
665 2851 792 2908 spica
813 2851 830 2907 [Ι
854 2856 906 2895 21
934 2851 1031 2895 leso
1055 2853 1071 2908 ss
1095 2855 1151 2895 26
1183 2849 1401 2907 uoluptas
1432 2852 1447 2906 ΙΙ
1477 2853 1533 2893 28
1567 2850 1816 2906 adquisisti
1848 2850 1948 2908 sed]

268 2907 537 2961 adquisistis
570 2914 617 2954 et
