2060 3232
923 122 1287 174 -74-

262 273 407 307 nares
430 257 726 322 fumigabis3
758 258 801 306 si
831 274 921 320 per
949 259 1216 323 veretrum,
1248 260 1442 323 gallum
1473 262 1523 308 et
1547 260 1773 309 catulum
1797 260 1948 308 simul

264 333 317 380 in
371 348 506 395 aqua
567 331 802 394 decoquis
865 332 1181 395 celatamque
1245 342 1432 395 aquam
1493 333 1747 397 sulphuris
1802 335 1948 398 drag-

262 422 372 454 mae
415 403 528 469 [-·-]
570 406 819 470 levigatae
858 405 1085 454 miscebis
1117 421 1327 468 eamque
1361 407 1618 470 potionem
1655 408 1708 455 in
1747 423 1801 456 os
1840 407 1948 456 eius

263 480 496 528 infundes
534 495 624 542 per
661 479 765 527 dies
805 479 1067 528 continuos
1105 496 1296 528 novem.

151 558 247 604 206
375 553 456 601 Ad
492 553 696 601 initium
734 552 951 615 suspirii.
1013 568 1204 601 vermes
1243 553 1302 601 de
1348 553 1560 615 pistrino
1607 556 1799 616 septem
1836 570 1951 602 cum
1997 562 2019 595 5

265 627 371 676 vini
410 626 604 689 cyathis
636 626 755 689 VH,
808 626 914 674 ovis
961 626 1177 690 duobus,
1219 626 1315 675 olei
1362 627 1555 689 cyathis
1593 627 1645 675 H
1688 627 1952 690 tepefactis

269 702 419 749 simul
459 702 510 748 et
547 699 781 763 levigatis
819 715 909 761 per
946 714 1091 747 nares
1129 699 1396 748 infundito.

151 779 243 825 207
375 774 455 822 Ad
505 774 622 836 equi
677 773 962 835 suspirium.
1040 773 1177 835 passi
1225 772 1406 822 Cretici
1460 775 1603 838 sext,
1653 774 1740 822 iris
1787 774 1952 836 Illyri-

265 864 350 897 cae
385 873 477 911 —-,
516 847 703 910 piperis
741 874 831 911 —,
872 847 1002 895 croci
1039 863 1167 911 unc,
1207 863 1406 895 murrae
1444 847 1666 911 troglitis
1704 874 1784 911 —,
1824 848 1953 895 turis

264 922 519 985 pollinem,
543 921 796 969 tracanthi
832 947 914 985 —,
946 937 1074 970 uvae
1106 936 1283 983 passae
1324 920 1400 983 [in
1431 921 1530 970 alio
1571 922 1662 969 sic:
1700 937 1830 971 uvae
1860 920 1954 983 VJ:
1979 931 2022 964 1⁰
2051 932 2054 933 ’

263 996 385 1044 haec
417 995 584 1043 omnia
615 995 901 1043 commisces
934 996 984 1042 et
1014 997 1190 1056 postea
1220 996 1390 1043 fauces
1422 996 1529 1043 eius
1560 996 1722 1059 melle,
1754 995 1953 1059 butyro,

266 1069 498 1132 axungia,
537 1069 641 1116 sale
679 1068 873 1117 modico
913 1064 1208 1131 †avenabis.

154 1139 250 1185 208
377 1142 459 1189 Ad
490 1141 764 1203 suspirium
793 1141 1172 1206 validissimum,
1205 1143 1264 1190 de
1298 1158 1397 1204 quo
1430 1142 1583 1190 etiam
1614 1144 1665 1191 et
1695 1142 1956 1205 suspendit

267 1215 357 1262 ilia
403 1217 455 1263 et
502 1215 672 1263 oculos
718 1216 800 1264 vel
847 1216 1051 1263 oculum
1097 1216 1327 1263 dextrum
1376 1217 1656 1265 coloratum
1707 1216 1954 1280 habuerit,

267 1304 630 1351 nonnunquam
669 1288 822 1336 etiam
859 1289 1118 1336 maxillam
1163 1289 1503 1354 tumidiorem,
1542 1290 1763 1338 incessus
1803 1291 1957 1338 etiam
1980 1297 2023 1332 15

267 1379 368 1412 non
405 1365 580 1411 rectos.
636 1363 767 1411 inter
804 1362 952 1410 initia
981 1363 1075 1411 hoc
1105 1364 1298 1411 malum
1329 1363 1478 1412 citius
1508 1364 1665 1412 nimia
1695 1364 1959 1428 diligentia

269 1436 538 1485 sedabitur.
601 1435 857 1485 considera
889 1436 1201 1500 diligentius:
1242 1437 1284 1485 si
1316 1438 1489 1486 dextra
1510 1453 1626 1500 pars
1664 1438 1819 1486 fuerit
1849 1453 1959 1486 cur-

273 1512 409 1574 vata,
443 1510 718 1574 sanabitur,
752 1510 795 1558 si
827 1511 1043 1575 sinistra,
1083 1511 1285 1559 difficile
1318 1511 1638 1560 obtinebitur.
1680 1511 1961 1560 adhibenda

266 1586 386 1632 sunt
433 1586 604 1632 tamen
650 1584 785 1632 haec.
858 1584 1119 1633 duodecim
1172 1601 1324 1634 venas
1380 1601 1548 1634 omnes
1597 1586 1715 1648 equi
1761 1585 1958 1650 solvito,

265 1658 340 1706 ita
377 1659 438 1706 ut
476 1658 536 1706 de
576 1658 833 1720 quaternis
874 1659 1170 1722 sanguinem
1208 1659 1440 1707 detrahas
1485 1676 1575 1721 per
1619 1659 1865 1723 triduum,
1906 1661 1958 1707 et
1982 1667 2025 1699 20

266 1731 407 1780 dabis
453 1732 581 1780 hanc
626 1731 901 1794 potionem:
950 1733 1080 1781 croci
1128 1728 1295 1798 <—>,
1349 1748 1547 1781 murrae
1601 1733 1821 1797 troglitis
1868 1759 1955 1796 --,

271 1806 438 1868 spicae
469 1805 614 1853 nardi
650 1833 738 1869 —,
778 1806 964 1868 piperis
1013 1806 1115 1854 albi
1148 1833 1240 1870 —,
1282 1823 1443 1869 aquae
1482 1807 1674 1855 mulsae
1715 1809 1834 1855 sext.
1867 1807 1959 1871 ΠΙ,

270 1880 369 1928 0101
413 1879 595 1927 veteris
643 1882 762 1927 sext.
796 1879 845 1943 I,
892 1879 998 1928 vini
1042 1880 1224 1929 veteris
1271 1882 1413 1944 sext,
1455 1881 1553 1929 olei
1590 1881 1777 1929 laurini
1815 1881 1959 1945 hem.,

270 1953 369 2002 olei
398 1953 579 2001 rosacii
604 1953 756 2017 selib.,
784 1953 982 2001 lentisci
1010 1954 1136 2002 hem.
1171 1953 1339 2003 omnia
1369 1954 1423 2001 in
1460 1970 1648 2003 novum
1678 1970 1767 2003 vas
1798 1954 1959 2002 mittis

271 2029 322 2074 et
379 2027 607 2074 catulum
652 2027 846 2075 dierum
899 2028 944 2075 X
997 2043 1112 2075 cum
1171 2028 1287 2077 favo
1342 2028 1517 2076 misces
1572 2029 1653 2076 vel
1698 2029 1860 2076 mulso
1909 2029 1960 2076 et
1983 2034 2026 2067 25

272 2116 364 2149 ovo
396 2099 433 2147 I.
497 2100 671 2148 diebus
718 2101 968 2149 continuis
1014 2101 1156 2150 dabis
1193 2101 1449 2164 potionem
1488 2102 1891 2164 suprascriptam.

383 2172 464 2220 Ad
511 2174 803 2238 suspirium,
854 2174 990 2236 quod
1044 2191 1103 2223 ex
1155 2175 1310 2224 nimio
1365 2175 1543 2224 sudore
1589 2176 1832 2239 nascitur,
1879 2175 1961 2224 vel

161 2241 256 2288 209
272 2242 387 2310 <51>
428 2263 488 2295 ex
525 2248 679 2296 nimio
720 2248 934 2310 suspirio
968 2249 1120 2297 sudor
1165 2251 1216 2297 et
1260 2266 1622 2312 nonnunquam
1675 2250 1827 2297 etiam
1871 2265 1962 2311 per

272 2336 415 2368 nares
461 2323 732 2383 purulenta
779 2324 1035 2384 apparent.
1097 2323 1215 2371 huic
1251 2323 1473 2386 passioni
1510 2323 1649 2386 potio
1699 2324 1820 2371 haec
1866 2322 1962 2371 erit

274 2394 555 2456 aptissima:
594 2395 731 2457 passi
778 2395 960 2444 Cretici
1011 2399 1129 2444 sext.
1179 2412 1230 2460 5.,
1270 2398 1397 2446 costi
1428 2424 1498 2431 —-
1530 2398 1627 2462 HI,
1673 2397 1807 2445 floris
1845 2397 1959 2459 hys·
1983 2404 2026 2436 30

364 2525 389 2563 2
405 2521 663 2576 dequoquis
687 2523 702 2577 ΙΙ
726 2519 932 2580 811111100
957 2523 972 2578 ΙΙ
995 2522 1185 2565 9010001
1212 2524 1219 2575 Ι
1247 2535 1427 2577 myrrae
1451 2524 1466 2578 ΙΙ
1491 2526 1545 2566 10
1554 2537 1690 2578 passe
1714 2524 1729 2578 ΙΙ
1755 2526 1808 2565 12
1824 2535 1960 2565 asun-

275 2577 356 2635 gia
378 2581 394 2634 ΙΙ
419 2584 473 2624 16
505 2584 660 2624 rectus
683 2581 699 2636 ΙΙ
727 2585 779 2624 17
805 2581 1048 2624 considera
1077 2581 1264 2637 scripsi.-
1295 2581 1619 2624 considerandi
1650 2581 1697 2626 R
1752 2581 1959 2624 conside—

277 2638 473 2681 randum
506 2640 622 2683 coni.
657 2639 815 2683 Sarch.
844 2640 851 2696 Ι
880 2638 1044 2684 dextra
1072 2639 1078 2693 Ι
1106 2640 1300 2683 curvata
1329 2640 1516 2695 scripsi.-
1547 2641 1748 2695 purgata
1771 2641 1786 2696 ss
1812 2643 1866 2683 18
1900 2639 1959 2682 51-

275 2696 429 2740 nixtra
460 2699 475 2754 ΙΙ
508 2701 562 2742 19
594 2697 680 2741 1100
704 2698 798 2754 1121
832 2697 998 2742 mirrae
1022 2698 1037 2754 ΙΙ
1061 2703 1118 2742 24
1148 2697 1336 2742 lentisci
1364 2698 1487 2743 hem.
1518 2698 1565 2741 R
1626 2704 1782 2754 φακῆς
1814 2696 1863 2751 ξέ
1885 2735 1893 2743 .
1916 2697 1963 2742 ε’

275 2755 332 2798 H
340 2755 386 2797 P
414 2756 471 2811 (h.
504 2769 539 2800 e.
571 2755 727 2811 lentis,
757 2757 948 2822 forfasse
978 2758 1161 2813 rectius)
1185 2757 1200 2813 ΙΙ
1224 2761 1280 2800 25
1319 2756 1430 2801 fabo
1469 2759 1484 2814 ΙΙ
1515 2761 1571 2800 27
1605 2757 1731 2812 quod
1761 2770 1791 2802 *
1823 2771 1967 2801 exmu-

275 2855 419 2900 nimio
451 2857 521 2901 131
551 2859 675 2925 quoa
706 2872 735 2903 *
766 2825 906 2906 0x5nw
929 2859 1075 2902 nimio
1100 2873 1214 2904 corr.
1242 2859 1379 2904 Pom.
1405 2859 1500 2915 1129
1533 2860 1776 2916 pululenta
1803 2862 1809 2915 ι
1836 2860 1922 2903 hec
1945 2858 1961 2917 [ι

278 2920 334 2970 39
358 2915 494 2959 flores
524 2929 658 2972 ysop1
