2060 3232
851 94 1254 149 ——138—

202 227 434 284 interpres
467 225 672 271 Graecus
705 224 877 281 ἄρκτου
911 222 1111 280 στέατος,
1148 225 1370 282 deeeptus
1403 226 1455 269 ut
1492 224 1679 270 videtur
1708 223 1891 270 littera-

202 301 306 330 rum
338 284 564 343 vestigiis.
627 285 791 329 eadem
831 298 920 329 vox
951 285 1072 328 latet
1104 285 1220 340 Veg.
1246 283 1288 339 V
1313 288 1384 339 26,
1409 290 1458 338 3;
1499 287 1577 339 58,
1601 288 1627 328 2
1669 285 1811 353 (arpii
1840 285 1890 328 et

205 347 389 404 aryiwm
420 344 554 389 codd.
588 343 722 388 Corb.
755 346 804 388 et
834 342 971 388 Goth.
975 346 1008 400 ).
1047 343 1233 388 videtur
1270 345 1426 387 autem
1467 357 1568 388 esse
1607 345 1786 388 arcium
1814 342 1893 387 vel

201 406 415 458 aretium,
439 403 498 448 de
522 402 697 477 quibus
715 403 771 447 ef.
796 402 1003 448 Dioscor.
1028 402 1091 446 IV
1112 406 1196 447 104
1230 401 1435 459 ἄρκτιον,
1462 401 1510 446 οἷ
1530 402 1582 447 δὲ
1607 402 1890 458 ἀρκτοῦρον,

202 462 268 506 IV
294 469 377 507 105
410 462 615 536 ἄρκειον,
648 459 697 506 οἱ
725 462 777 507 δὲ
809 462 1099 518 προσωπίὸα,
1133 459 1181 506 οἷ
1212 460 1263 506 δὲ
1296 462 1564 535 προσώπων
1596 465 1788 505 καλοῦσι
1822 459 1895 521 [οἷ

203 521 257 567 δὲ
298 522 551 580 ἀπαρίνην,
584 519 802 578 Ρωμαῖοι
839 519 891 565 δὲ
931 519 1287 579 περσωνάκεαμ,
1330 518 1378 564 οἵ
1412 520 1464 565 δὲ
1497 519 1738 579 λάππαμ];
1771 521 1890 565 Plin.

202 583 300 628 nat.
325 582 434 626 hist
458 581 586 624 XXV
604 585 687 624 113
713 581 964 636 personata
993 593 1129 636 quam
1159 593 1285 623 nemo
1308 580 1508 637 ignorat,
1541 579 1709 625 Graeci
1731 581 1892 625 arcion

201 645 390 694 vocant‚·
420 638 593 684 XXVII
618 643 674 683 33
707 640 889 684 arction
919 639 1068 696 aliqui
1091 639 1251 694 potius
1281 642 1518 683 arctwrum
1549 644 1724 684 vocant.

323 701 662 744 centaureae
693 712 810 742 unc.
832 697 893 755 V]
913 698 969 742 de
986 697 1316 741 additamentis
1349 698 1488 752 quale
1513 697 1590 741 hic
1613 699 1685 742 est
1713 700 1767 743 in
1797 699 1892 744 alio

200 760 268 805 sic
306 763 574 804 centaureae
610 772 714 802 une.
755 757 834 802 VI
869 757 965 800 dixi
1002 757 1120 800 Mus.
1153 757 1300 801 Rhen.
1326 759 1383 800 46
1408 772 1452 812 p.
1478 761 1565 800 372
1582 771 1659 831 sq.
1685 756 1743 802 cf.
1782 770 1889 814 pro-

201 819 372 874 legom.
397 833 441 875 p.
467 822 493 862 2
521 831 609 872 sq.;
642 817 693 860 in
723 817 776 860 H
803 816 985 873 pondus
1018 816 1165 871 deest,
1195 815 1245 859 in
1279 815 1325 858 P
1356 819 1463 860 sunt
1493 823 1547 872 γῦ
1581 813 1642 870 εξ.

324 876 671 921 Artemisiae
704 875 1001 933 odoratae]
1035 873 1320 932 ἀμαράνθου
1353 874 1620 932 ἀρτεμισίας
1652 874 1724 928 Η,
1758 875 1893 932 ἀρτε-

203 938 359 993 μισίας
390 936 443 982 Ρ.
509 935 651 979 odore
682 949 775 980 non
807 934 1059 979 iniucundo
1093 948 1193 979 esse
1224 933 1404 977 Plinius
1435 935 1596 978 narrat
1619 911 1747 977 XXV
1772 939 1842 981 73.

323 994 584 1052 serpylli,
616 993 874 1050 hyssopi,
906 993 1235 1068 trixaginis]
1269 994 1444 1048 repetit
1466 994 1523 1036 H
1559 992 1608 1037 in
1640 993 1767 1038 calce
1797 994 1892 1038 for-

202 1054 358 1098 mulae
405 1053 631 1110 προσθεὶς
675 1052 856 1103 τούτοις
902 1051 982 1095 καὶ
1023 1047 1250 1108 ἑρπύλλου
1290 1059 1344 1108 γό
1377 1049 1440 1108 ς’,
1483 1052 1699 1097 ὑσσώπου
1738 1059 1792 1110 ’γό
1824 1052 1871 1110 γ’
1876 1087 1889 1110 ,

202 1114 492 1170 χαμαίδρυος
522 1120 576 1169 γῦ
609 1111 676 1166 α’,
709 1111 824 1155 item
859 1112 915 1156 P.

319 1146 783 1228 hieraebotaiaes]
825 1169 974 1227 ὀρθῆς
1012 1176 1285 1227 περιστερᾶς
1317 1169 1388 1224 H,
1438 1166 1566 1228 ἱερᾶς
1599 1170 1799 1230 βοτάνης
1830 1172 1884 1216 P.

201 1230 260 1275 cf.
285 1230 405 1276 Plin.
431 1230 561 1274 XXV
587 1233 685 1274 105.
742 1229 904 1273 Isidor.
933 1229 1131 1285 Etymol.
1156 1228 1288 1271 XVII
1312 1233 1353 1283 9,
1373 1204 1441 1273 55.

322 1289 384 1334 15
416 1290 473 1333 Η
490 1292 547 1333 25
579 1288 703 1333 ἄλλο,
736 1287 1013 1360 ἀφαιμοὶξας
1042 1288 1094 1332 τὸ
1126 1290 1243 1341 ζῶον
1274 1287 1356 1331 καὶ
1386 1287 1558 1344 κριθὰς
1589 1291 1718 1344 (nota
1747 1290 1890 1334 inter-

199 1350 346 1405 pretis
379 1351 600 1405 errorem)
640 1344 690 1392 ἐν
729 1346 868 1392 ύὸατι
898 1345 926 1402 ἢ
960 1347 1082 1406 ούρῳ
1123 1345 1288 1406 βρέξας
1327 1346 1433 1401 ὄξος
1469 1363 1518 1392 τε
1557 1347 1673 1404 μετὰ
1710 1347 1889 1406 κόπρου

202 1408 311 1467 βοὸς
349 1407 430 1451 καὶ
468 1408 666 1464 κυμίνου
709 1406 790 1450 καὶ
830 1407 1080 1457 σινωπίδος
1118 1407 1254 1463 μίξας
1293 1403 1499 1451 ἐπιτίθει
1535 1412 1632 1458 τοῖς
1674 1407 1885 1465 ἄρθροις

203 1468 264 1510 Μ
286 1472 344 1511 20
375 1465 458 1511 να’
496 1466 612 1524 πρὸς
650 1483 824 1524 χυμους
863 1466 1168 1523 ἀρθριτικοὺς
1205 1465 1286 1510 καὶ
1325 1465 1524 1535 λοιμούς.
1590 1466 1766 1523 simile,
1810 1469 1891 1512 sed

201 1526 363 1583 paullo
396 1525 544 1570 fusius
578 1527 765 1570 enarrat
796 1525 910 1581 Veg.
935 1525 957 1568 I
982 1529 1052 1581 13,
1077 1531 1119 1578 3,
1151 1526 1275 1580 quod
1308 1526 1479 1570 tumori
1506 1524 1732 1570 inlinitur.

321 1585 384 1629 16
415 1585 547 1630 1126
573 1584 697 1629 αλλο.
743 1586 1030 1641 σταφυλίνου
1061 1593 1115 1641 ys)
1149 1583 1206 1639 ε’,
1232 1585 1460 1642 ἀγαρικοῦ
1485 1591 1539 1641 ’γό
1564 1584 1599 1628 ι’
1604 1584 1890 1644 ,κασσοὶμου

199 1653 254 1701 *γὸ
287 1643 333 1701 ’γ’
368 1647 461 1689 κτλ.
526 1646 587 1688 Μ
609 1649 663 1688 21
690 1643 762 1689 νε’
796 1644 913 1701 πρὸς
944 1644 1104 1701 λοιμὸν
1137 1643 1428 1701 ἀρθριτικόν.

322 1703 597 1761 cariotae]
629 1703 745 1748 item
769 1705 985 1748 scribitur
1009 1708 1080 1748 26.
1109 1707 1206 1748 191.
1232 1704 1288 1749 cf.
1316 1704 1430 1760 Veg.
1456 1703 1497 1747 V
1517 1708 1570 1748 63
1600 1717 1704 1747 cum
1730 1702 1889 1749 adnot.

200 1762 484 1807 Schneideri.
555 1763 761 1807 Dioscor.
786 1762 853 1805 111
877 1766 931 1806 52
973 1765 1254 1818 σταφυλῖνος
1293 1762 1496 1819 αγριος.
1531 1797 1540 1806 .
1575 1798 1585 1807 .
1620 1797 1629 1806 .
1672 1760 1889 1819 Ῥωμαῖοι

199 1821 425 1878 καρόταμ,
459 1818 508 1865 οἴ
535 1819 587 1865 δὲ
619 1837 898 1866 παστινακα.
955 1822 1159 1866 Glossar.
1196 1821 1428 1878 ‘Alphita’
1457 1822 1630 1866 Aneed.
1658 1821 1802 1866 Oxon
1821 1823 1884 1866 12

199 1883 409 1948 (1887)p
450 1885 505 1925 31
539 1882 731 1935 cariora,
756 1882 1008 1938 pastinaca
1037 1882 1229 1939 ayrestis
1259 1882 1391 1926 idem.

319 1895 446 1983 silpis
487 1937 723 2007 Gallici]
756 1940 985 1997 ἀραρικοῦ
1018 1940 1085 1993 H,
1117 1940 1198 1984 sed
1231 1938 1381 1984 σέσελι
1415 1939 1642 1984 Γαλλικόν
1683 1942 1754 1986 est
1786 1944 1887 1987 187.

198 2003 303 2043 213.
330 2003 430 2044 301
457 2003 558 2043 395.
591 2002 831 2056 agaricum
863 2002 916 2043 ut
946 1999 1116 2055 fungus
1154 2000 1363 2043 nascitur
1392 1999 1442 2043 in
1481 1998 1726 2044 arboribus
1766 2001 1889 2045 circa

198 2057 458 2125 Bosporum
490 2060 538 2103 et
568 2058 616 2101 in
621 2036 806 2102 Φ1311111111,
836 2057 989 2102 Plinio
1014 2057 1141 2101 XXV
1170 2063 1267 2102 103.

318 2115 528 2183 casiae]
568 2116 808 2174 κασσάμου
841 2117 953 2163 HP.
1023 2116 1263 2175 κάσσαμον
1303 2131 1393 2162 vox
1430 2116 1678 2163 inserenda
1706 2117 1884 2164 lexicis.

197 2174 334 2221 Paul.
357 2175 523 2232 Aegin.
551 2176 636 2220 VlI
659 2182 699 2221 3.
764 2177 938 2233 legitur
969 2176 1019 2219 in
1048 2177 1254 2220 remedio
1285 2176 1559 2233 longissimo
1599 2178 1725 2233 quod
1755 2180 1885 2223 extat

195 2234 247 2278 in
279 2235 378 2278 cod.
409 2236 453 2278 P
474 2234 505 2279 f.
538 2239 624 2280 393
656 2235 830 2292 ἀλοιφὴ
864 2235 1018 2292 θερμὴ
1053 2234 1123 2279 δι’
1166 2231 1221 2290 ἧς
1266 2236 1578 2293 θεραπεύσεις
1615 2252 1771 2281 παντα
1814 2235 1888 2281 τέ-

195 2309 342 2337 τανον
373 2293 645 2350 ἀνθρώπων
668 2311 717 2339 τε
742 2295 823 2338 καὶ
847 2296 1001 2339 ιππων
1026 2298 1119 2339 κτλ.
1168 2296 1226 2340 cf.
1251 2296 1482 2352 Ducangii
1504 2295 1595 2339 lex.
1619 2295 1702 2340 inf.
1722 2296 1886 2342 Graec.

197 2367 231 2396 s.
248 2366 293 2396 v.
327 2352 570 2409 κασσάμην
617 2356 665 2398 et
707 2353 919 2412 κάσαμον
969 2353 1057 2411 (ita
1096 2353 1232 2399 scrib.
1271 2368 1356 2410 pro
1387 2355 1725 2411 ΚΑΣΑΠΟΝ),
1774 2369 1888 2411 quas

197 2411 382 2467 glossae
413 2411 608 2457 iatricae
640 2412 775 2456 codd.
802 2415 948 2469 Regg.
977 2417 1089 2457 1261
1117 2416 1165 2457 et
1190 2417 1275 2457 190
1306 2412 1677 2470 interpretantur
1708 2429 1886 2471 καρπο-

196 2469 450 2529 βάλσαμον.
512 2470 631 2516 adde
663 2484 721 2514 ex
750 2471 982 2527 glossario
1014 2470 1206 2515 Senensi
1229 2472 1428 2517 Hermae
1453 2473 1544 2517 vol.
1565 2472 1776 2529 XVIIIp.
1796 2477 1883 2518 535

197 2542 421 2575 cassamo:
449 2543 595 2575 semen
627 2531 834 2584 balsami,
866 2530 923 2576 cf
948 2529 1119 2586 ibid.p
1124 2535 1260 2575 ,533.

316 2587 420 2632 iris
459 2587 737 2645 Illyricae
777 2588 849 2633 sil
880 2615 936 2621 ——
968 2588 1053 2647 III]
1087 2544 1151 2633 ξὶῐ
1189 2589 1511 2645 dittographia
1557 2591 1708 2633 ortum
1752 2592 1883 2647 puto.

197 2646 238 2691 si
278 2646 419 2692 fidem
459 2648 687 2692 habemus
730 2647 1059 2705 HippiatriciS,
1100 2647 1191 2691 fuit
1227 2647 1311 2691 iris
1353 2647 1568 2704 Illyricae
1607 2649 1747 2694 uncia
1791 2664 1884 2694 una

195 2705 463 2762 exciditque
495 2707 643 2752 herba
673 2720 792 2764 quae
824 2708 1000 2751 Graece
1032 2708 1226 2751 vocatur
1256 2706 1424 2763 θρύον.

315 2765 624 2824 santonici]
670 2767 971 2811 sandonicam
1019 2765 1237 2810 scribitur
1275 2765 1323 2808 in
1372 2766 1597 2818 olossario
1645 2767 1748 2811 Lat.
1798 2766 1877 2812 Gr.

194 2821 330 2880 Corp.
356 2824 497 2881 gloss.
524 2825 628 2882 IIp.
649 2830 732 2870 178
756 2824 1087 2883 (θηριοκτόνον
1117 2823 1325 2884 βοτανη).
1375 2824 1493 2869 Plin.
1511 2840 1556 2869 n.
1573 2825 1618 2868 h.
1637 2825 1807 2870 XXVII
1824 2830 1881 2870 45

193 2881 422 2931 absinthii
453 2886 594 2942 plura
624 2898 798 2942 genera
827 2884 1119 2940 distinguens
1161 2883 1455 2930 santonicum
1495 2884 1724 2941 appellari
1755 2884 1824 2930 ait
1854 2899 1883 2930 e

2016 64 2025 79 ,κ
1993 0 2025 55 „4³
