2060 3232
824 94 1229 148 -132—

97 233 99 237 ⁴
183 228 264 278 ἶου
301 232 363 294 γό
401 224 473 294 β’,
519 229 775 295 χαλκίτεως
821 233 879 296 γδ
929 227 1003 295 β’,
1050 227 1264 294 σφέκλης
1309 229 1568 296 γράμματα
1604 225 1674 296 γ’,
1721 235 1872 281 καθε-

183 301 350 367 ψήσας
387 309 485 370 χρῶ
525 301 608 353 καὶ
649 303 905 370 διαφεύγει
942 302 1001 354 τὰ
1039 303 1405 372 κορδυλώματα.

69 377 166 423 506
294 378 361 426 Μ
402 379 504 427 138
547 373 692 446 αρα’;
719 374 880 427 ’Ἀλλο.
937 374 1133 437 ἄνθους
1163 378 1417 444 χαλκίτεως
1447 381 1510 443 γό
1548 373 1620 443 β’,
1659 375 1874 443 σφέκλης

181 455 243 517 γδ
281 446 352 515 α’,
390 451 557 517 νίτρου
598 455 659 518 γό
698 447 770 517 β’,
809 451 1020 518 λάσαρος
1056 456 1117 518 γό
1156 447 1227 517 β’,
1277 448 1421 512 ὄξους
1468 449 1665 518 δριμέος
1709 456 1768 518 γό
1810 450 1870 505 ς’.

70 525 162 572 507
294 526 355 573 Η
381 527 448 573 22
492 519 586 593 (=
619 527 684 573 M
716 528 783 574 22
820 519 947 592 ξς’);
997 524 1317 591 Πελαγωνίου
1363 523 1486 591 πρὸς
1531 524 1871 589 ἐλεφαντίασιν
1916 536 1937 570 5

180 597 502 665 προπότισμα.
592 597 645 648 τὸ
702 595 755 648 δὲ
807 597 1115 664 προπότισμα
1159 597 1430 663 λαμβάνειν
1475 598 1645 665 νίτρου
1689 603 1751 666 γὸ
1802 596 1872 664 α’,

181 672 440 738 καστορίου
479 677 541 738 γό
579 668 662 738 β’,
711 671 971 736 δαφνίδων
1015 676 1076 738 γό
1115 667 1187 737 β’,
1234 669 1347 739 ῥέον
1397 674 1649 722 Ποντικοῦ
1697 676 1760 738 γό
1798 670 1873 738 β’,

179 746 407 813 πηγάνου
446 750 509 812 γο-
547 745 639 797 δύο
678 745 844 811 ἥμισυ.
905 752 1058 795 ταῦτα
1095 740 1202 795 κατ’
1247 745 1379 795 ἰδίαν
1411 744 1573 810 κόψας
1604 744 1687 795 καὶ
1719 745 1873 811 σήσας

180 818 263 869 καὶ
301 818 417 884 μετὰ
455 827 609 870 ταῦτα
648 821 788 885 μίξας
833 818 1080 885 ἐπιβαλών
1128 838 1175 869 τε
1224 819 1366 870 οἴνου
1405 840 1432 885 χ
1470 815 1524 868 α’
1570 818 1652 869 καὶ
1698 818 1866 871 ἐλαίου

179 896 241 959 γό
271 893 327 953 ἓξ
368 893 510 944 δίδου
547 891 581 959 ἢ
620 893 701 944 διὰ
739 892 937 960 κέρατος
966 890 1000 959 ἢ
1031 891 1097 952 ὡς
1127 893 1308 959 βούλει.
1370 893 1526 964 τούτῳ
1559 890 1611 943 δὲ
1642 897 1709 963 τῷ
1741 895 1861 959 βοη-
1887 906 1930 938 10

179 965 369 1032 θήματι
405 965 610 1034 κέχρησο
641 964 759 1017 καθ’
795 965 984 1035 ἡμέραν
1014 965 1125 1034 ἄχρι
1154 967 1334 1027 τελείας
1364 966 1562 1033 ὑγιείας.
1617 967 1863 1035 στρώμασι

181 1037 235 1090 δὲ
288 1039 433 1090 σκέπε
486 1040 569 1090 διὰ
613 1040 797 1101 παντὸς
850 1040 970 1091 ὥστε
1023 1041 1067 1090 εἰ
1119 1040 1334 1091 δυνατὸν
1389 1041 1564 1108 ἵδροῢν
1609 1040 1662 1091 τὸ
1717 1042 1862 1107 ζῶον,

180 1112 347 1178 ἐπειδὴ
386 1122 445 1183 τῇ
484 1113 646 1184 θέρμῃ
684 1113 875 1179 πέφυκε
912 1114 965 1165 τὸ
1005 1122 1196 1166 τοιοῦτο
1237 1114 1530 1165 διαλύεσθαι
1566 1115 1746 1175 πάθος.

67 1191 162 1237 508
292 1190 359 1237 Μ
390 1191 492 1239 135
536 1185 658 1257 αξθ’
698 1183 794 1256 (=
827 1191 890 1237 M
930 1191 995 1237 22
1039 1184 1135 1254 0'):
1190 1189 1513 1255 Πελαγωνίου
1550 1189 1861 1256 προπότισμα

179 1269 360 1311 ποιοῦν
374 1261 533 1354 πρὸς
559 1262 737 1327 πάντα,
776 1261 895 1312 ὥστε
933 1261 991 1311 τὰ
1030 1263 1129 1321 ζῶα
1166 1262 1334 1329 τάχιον
1373 1260 1741 1328 ἀναλαμβάνειν
1778 1262 1862 1313 καὶ
1886 1274 1931 1307 15

180 1334 299 1385 ὥστε
338 1335 396 1386 τὰ
435 1335 570 1395 ε’ντὸς
610 1337 871 1402 σύμπαντα
909 1334 1213 1402 ἀποσμήχειν
1250 1335 1334 1386 και
1371 1336 1681 1404 θεραπεύειν.
1735 1342 1875 1387 ποιεῖ

181 1407 233 1459 δὲ
271 1409 356 1459 καὶ
393 1409 515 1477 πρὸς
560 1418 660 1459 πᾶν
706 1411 872 1470 πάθος
918 1409 1002 1460 καὶ
1047 1412 1177 1477 βῆχα
1221 1410 1459 1459 παλαιάν·
1505 1414 1644 1460 ποιεῖ
1683 1408 1736 1460 δὲ
1785 1410 1870 1461 καὶ

178 1482 301 1550 πρὸς
345 1485 526 1548 φθίσιν
571 1483 655 1534 καὶ
700 1483 948 1551 βουλσοὺς
992 1483 1077 1534 καὶ
1120 1484 1597 1551 περιπνευμονικοὺς
1645 1483 1730 1534 καὶ
1777 1484 1869 1535 ὅσα

177 1563 274 1607 τῶν
313 1556 448 1618 ἐντός
491 1558 831 1609 πεπονθότων.
909 1555 942 1623 ἡ
990 1556 1044 1608 δὲ
1089 1557 1364 1623 κατασκευὴ
1414 1558 1553 1623 αὕτη.
1628 1558 1867 1624 πτισάνης

185 1628 306 1695 ·S·oc'9
353 1630 683 1725 λινοσπέρμου
723 1630 907 1725 ἡμίναν
948 1628 1017 1697 α’,
1065 1630 1204 1698 ὠμοῦ
1250 1630 1536 1699 ἀρχέντερον
1583 1633 1795 1700 χοίρειον
1832 1631 1866 1698 ὴ
1891 1645 1934 1676 20

177 1706 411 1772 βραχεῖαν
442 1702 512 1771 α’,
551 1707 596 1756 εἰ
626 1704 678 1756 δὲ
711 1705 777 1772 μὴ
809 1705 993 1775 εὑρεθῇ
1025 1708 1227 1774 βραχεῖα
1257 1703 1291 1772 ἢ
1323 1704 1607 1799 ἄρχέντερον
1639 1707 1869 1774 χοίρειον,

177 1777 353 1846 ε’ρίφου
393 1779 615 1844 κεφαλὴν
654 1779 771 1844 μετὰ
810 1787 906 1830 τῶν
945 1778 1255 1848 ἆκροναρίων
1293 1779 1377 1830 καὶ
1414 1787 1501 1846 τῆς
1530 1781 1723 1846 χορδῆς.
1785 1779 1869 1846 ε’μ-

179 1854 297 1918 βαλε
336 1852 570 1904 ὑσσώπου
611 1847 792 1919 δεσμὰς
829 1851 900 1921 β’,
938 1853 1154 1920 βολβοὺς
1192 1849 1272 1918 ιε’,
1311 1854 1539 1920 πηγάνου
1580 1853 1766 1919 δεσμὴν
1797 1851 1868 1919 α’,

179 1927 538 1991 δαφνοκόκκων
577 1931 774 1994 χλωρῶν
831 1924 936 1981 &oc'
937 1965 952 1992 9
998 1929 1229 1991 φοίνικας
1269 1923 1335 1992 λ’,
1384 1926 1606 1995 σκόρδων
1651 1927 1869 1992 κεφαλὰς

176 1996 247 2066 γ’,
280 1999 473 2061 στέατος
505 2001 692 2068 αἰγείου
723 2021 782 2068 γο
817 1997 867 2058 ς’
868 2038 884 2067 ,
921 2001 1171 2067 γλήχωνος
1204 2000 1389 2066 δεσμὴν
1421 1999 1490 2066 α’,
1529 2008 1680 2051 ταῦτα
1709 2002 1871 2052 πάντα
1894 2013 1937 2045 25

176 2075 403 2168 καθάρας
441 2074 525 2124 καὶ
565 2076 870 2143 συνθρύψας
901 2073 1012 2140 ε’ψει
1043 2074 1095 2124 ἐν
1127 2075 1271 2125 ύδατι
1302 2073 1398 2124 ἀπὸ
1430 2073 1701 2142 κιστέρνης,
1732 2073 1870 2143 άχρις

179 2142 240 2198 οὗ
279 2148 338 2198 τὰ
376 2148 709 2240 προειρημένα
746 2148 864 2217 κρέα
902 2156 1147 2219 κατατακῇ
1186 2147 1268 2198 καὶ
1314 2148 1443 2214 μόνα
1482 2169 1540 2198 τα
1588 2146 1703 2198 ὀστᾶ
1743 2148 1868 2199 ἀπο-

178 2222 333 2292 μείνη.
404 2222 744 2291 συνεχέστερον
784 2221 837 2273 δὲ
877 2223 1011 2289 ύδωρ
1051 2222 1276 2289 ἐπίβαλε,
1328 2222 1447 2272 ὥστε
1488 2221 1554 2288 μὴ
1594 2221 1870 2288 ἐκλυθῆναι

174 2315 209 2360 η
254 2295 461 2363 λιπαρὸν
507 2304 710 2362 ποιῆσαι
756 2296 841 2347 τὸν
887 2297 1050 2363 χυλόν.
1121 2296 1204 2347 καὶ
1250 2295 1368 2362 μετὰ
1420 2304 1572 2347 ταῦτα
1619 2296 1869 2362 διηθήσας

295 2487 335 2527 5.
355 2483 467 2527 eita
481 2483 648 2539 incipit
662 2483 715 2527 in
730 2482 850 2527 ΗΡ·
866 2480 1004 2527 Ἄλλο.
1036 2482 1196 2539 νίτρου
1210 2485 1302 2526 κτλ.
1326 2484 1342 2539 ΙΙ
1368 2485 1504 2527 14.15
1520 2480 1657 2526 Ἄλλο.
1677 2482 1790 2527 ὥστε
1806 2482 1865 2527 τα

176 2543 269 2595 ζῶα
300 2544 393 2585 κτλ.
413 2542 560 2588 M22
584 2543 600 2598 ΙΙ
626 2546 681 2586 17
710 2542 846 2598 prius
877 2540 929 2585 δὲ
960 2554 1043 2586 om.
1063 2541 1223 2585 Μ135
1247 2543 1263 2598 ΙΙ
1289 2545 1343 2584 18
1359 2540 1464 2595 ἤτοι
1487 2556 1673 2598 περιπν.
1687 2542 1866 2614 Μ23Η

179 2606 233 2645 19
267 2600 318 2645 δὲ
351 2614 435 2646 om.
467 2601 531 2645 M
553 2601 734 2657 231120
772 2599 1079 2673 λινόσπερμον
1118 2598 1291 2671 ἡμίναν
1323 2598 1373 2642 α’
1417 2599 1543 2656 ὠμοῦ
1583 2597 1863 2673 ἀρχέντερον

177 2657 206 2714 ἢ
255 2661 479 2719 βραχεῖαν
527 2660 578 2704 α’
613 2659 676 2703 Μ
709 2663 800 2704 136
811 2657 1138 2732 λινοσπέρμου
1177 2656 1206 2713 ἢ
1239 2659 1541 2731 κινναμώμου
1571 2657 1863 2731 ἀρχέντερον

176 2720 381 2776 χοίρειον
413 2721 483 2777 (in
512 2733 655 2776 mary.
687 2716 893 2763 τουτέστι
931 2717 1095 2762 νεωστὶ
1137 2715 1521 2774 εύνουχισθέντα)
1568 2715 1596 2773 ἢ
1639 2720 1863 2778 βραχεῖαν

178 2777 228 2821 α’
263 2779 399 2824 Μ23
423 2780 438 2836 ΙΙ
461 2783 517 2822 22
550 2778 631 2822 καὶ.
662 2792 746 2823 om.
763 2778 826 2821 M
842 2781 905 2824 23
929 2780 944 2836 ΙΙ
968 2783 1023 2822 23
1055 2776 1242 2821 ὑσωπου
1262 2777 1322 2820 M
1348 2779 1439 2820 136
1466 2780 1472 2831 Ι
1501 2774 1673 2834 δέσμας
1692 2780 1832 2823 M23
1855 2780 1858 2835 2

177 2834 351 2904 δέσμην
385 2839 448 2882 Μ
475 2842 539 2884 ,23
563 2839 578 2893 ΙΙ
603 2842 658 2882 25
691 2838 911 2895 γλίχωνος
945 2838 1007 2880 M
1022 2840 1111 2881 136
1134 2837 1149 2892 ΙΙ
1173 2840 1229 2879 26
1261 2833 1530 2894 κινστέρνας
1564 2838 1625 2880 Μ
1646 2841 1738 2882 136
1762 2839 1776 2894 ΙΙ
1801 2842 1858 2882 27

176 2893 286 2953 κρέη
321 2896 455 2942 M23
483 2897 488 2956 l
517 2896 655 2941 ὀστέα
689 2898 751 2941 Μ
777 2898 958 2954 231128
991 2891 1204 2954 ἐπίβαλλε
1238 2895 1381 2941 Μ23
