2060 3232
919 105 1281 158 „go-.-

454 242 502 289 V
542 240 703 290 Curae
753 242 816 290 ad
862 244 1016 305 caput
1061 242 1142 291 vel
1188 242 1252 290 ad
1299 241 1477 305 capitis
1524 241 1745 290 dolorem
1791 244 1842 291 et
1881 242 1944 290 ad

538 316 818 380 glandulas.
1290 343 1292 346 >

424 389 499 438 VI
536 389 774 438 Remedia
813 389 878 438 ad
914 391 1077 438 tusses
1117 404 1285 439 omnes
1323 389 1405 439 vel
1443 390 1507 438 ad
1543 390 1727 438 vulsos,

397 463 499 512 VH
538 463 698 512 Curae
738 464 803 512 ad
841 464 1116 526 strophum.

374 537 500 585 VIII
539 537 699 586 Curae
739 537 803 585 ad
841 537 1094 599 dysurian.
1988 546 2011 579 5

346 611 499 659 Vm]
535 611 610 659 De
650 611 785 659 laeso
826 611 970 659 dorso
1010 612 1061 658 et
1099 610 1157 658 de
1196 610 1299 672 pilo
1339 609 1498 658 totius
1537 611 1769 672 corporis.

453 685 500 732 X
537 684 618 732 Ad
649 700 731 733 eos
764 683 947 746 quibus
978 683 1201 732 membra
1233 682 1472 732 deficiunt
1503 685 1554 731 et
1585 684 1648 732 ad
1677 683 1941 732 bulimum.

424 758 497 806 XI
536 757 696 806 Curae
737 758 801 805 ad
836 757 1050 806 flemina.

398 832 496 880 XII
536 831 695 880 Curae
736 831 801 880 ad
838 831 1123 894 suspirium.

372 906 497 954 XIH
536 905 696 954 Curae
737 905 802 954 ad
838 905 1114 968 hydropem
1143 906 1224 955 vel
1263 906 1327 954 ad
1359 906 1581 969 splenem
1620 908 1671 955 et
1710 907 1774 955 ad
1811 908 1941 969 tym-
1967 918 2010 950 10

534 979 827 1042 paniticum.

348 1053 499 1101 XIIII
535 1053 666 1102 Item
696 1054 755 1102 de
786 1053 970 1101 lumbis
993 1055 1075 1103 vel
1106 1054 1165 1103 de
1195 1054 1412 1118 renibus,
1444 1054 1578 1104 coxis
1610 1056 1701 1103 aut
1732 1054 1939 1119 gambis.

403 1128 497 1175 XV
534 1127 665 1175 Item
702 1127 762 1175 de
803 1127 1031 1176 articulis
1068 1129 1150 1178 vel
1189 1128 1247 1176 de
1286 1128 1497 1190 pedibus
1535 1129 1617 1178 vel
1656 1129 1796 1178 collo.

377 1201 498 1249 XVI
536 1200 697 1250 Curae
738 1200 802 1250 ad
841 1217 1063 1250 ozaenas

345 1275 492 1323 XVII
529 1275 625 1340 Ad*
650 1275 1006 1337 opisthotonos.
1965 1288 2008 1320 15
2044 1311 2048 1313 μ

323 1349 495 1397 XVIII
532 1350 607 1397 De
646 1349 891 1398 dentibus.

296 1423 495 1471 XVIIII
531 1423 884 1472 Praecantatio
925 1424 990 1472 ad
1029 1438 1184 1486 equos
1222 1423 1492 1473 hordiatos

408 1497 501 1544 XX
537 1497 612 1545 De
651 1497 809 1545 muris
843 1498 1014 1546 aranei
1043 1513 1216 1547 morsu
1245 1498 1328 1548 vel
1359 1498 1419 1547 de
1450 1514 1693 1561 percussu
1730 1499 1939 1561 phalan-

533 1571 697 1634 gionis
735 1572 817 1620 vel
854 1572 1068 1634 viperae.

376 1645 494 1693 XXI
534 1644 693 1693 Curae
741 1647 793 1693 et
837 1645 1068 1708 potiones
1124 1646 1188 1694 ad
1239 1646 1421 1695 colicos
1474 1647 1555 1694 vel
1611 1647 1673 1694 ad
1713 1662 1796 1695 eos
1853 1647 1941 1709 qui
1966 1660 2009 1692 20

530 1719 676 1767 faeno
715 1719 849 1768 malo
889 1720 1173 1768 laeduntur.

352 1792 497 1840 XXII
533 1793 609 1841 De
649 1793 836 1842 caudae
876 1793 1171 1843 mobilitate.

326 1866 497 1914 XXIII
533 1866 867 1915 Medicamina
907 1868 970 1915 ad
1007 1868 1171 1917 robur.

295 1939 492 1988 XXIIII
529 1940 611 1988 Ad
648 1956 731 1989 eos
779 1941 868 2004 qui
913 1942 1211 2006 sanguinem
1255 1943 1447 1991 meiant
1494 1946 1584 1991 aut
1631 1946 1808 1992 cacant
1847 1946 1939 1992 aut

528 2031 617 2077 per
653 2030 798 2063 nares
843 2015 1057 2064 mittunt
1103 2018 1194 2064 aut
1246 2019 1457 2065 vomunt
1504 2020 1595 2065 aut
1641 2018 1684 2065 si
1731 2018 1936 2082 sanguis
1962 2030 2008 2062 25

527 2088 713 2136 nimius
751 2105 841 2151 per
877 2106 1058 2139 venam
1094 2105 1383 2153 percussam
1421 2091 1608 2140 exierit.

351 2161 491 2208 XXV
527 2163 603 2211 De
641 2163 934 2211 vulneribus
973 2165 1054 2213 vel
1093 2165 1152 2213 de
1192 2165 1488 2227 emplastris.

326 2234 493 2282 XXVI
527 2236 603 2284 De
643 2237 820 2285 scabie.

303 2308 495 2356 XXVII
531 2309 606 2357 De
645 2311 886 2374 lethargo.

274 2381 492 2430 XXVIII
528 2383 764 2431 Potiones
804 2400 973 2436 omnes
1013 2387 1064 2432 et
1103 2386 1238 2434 omni
1275 2388 1857 2449 temporexnecessariae.
1957 2402 2002 2434 30

244 2454 489 2503 XXVIIH
526 2456 601 2503 De
639 2457 777 2504 rabie
815 2458 897 2505 vel
928 2458 987 2505 de
1020 2474 1171 2507 cursu
1202 2460 1351 2509 lunae
1384 2461 1464 2508 vel
1497 2461 1555 2509 d'e
1587 2462 1783 2511 insania
1816 2463 1933 2524 equi

529 2530 610 2578 vel
648 2530 707 2578 de
746 2531 1039 2592 paralytico.

350 2603 489 2651 XXX
528 2602 688 2652 Curae
728 2605 987 2652 oculorum
1026 2621 1207 2654 omnes.

363 2733 390 2772 2
407 2728 655 2785 glandolas
680 2731 695 2787 ΙΙ
718 2734 746 2773 4
764 2730 960 2774 strofum
985 2732 1000 2788 ΙΙ
1025 2737 1050 2776 6
1067 2731 1164 2776 leso
1187 2732 1203 2788 ss
1230 2737 1283 2776 10
1301 2733 1672 2790 tympaneticum
1697 2736 1712 2792 fl
1739 2741 1791 2779 12
1810 2750 1932 2781 cam-

245 2786 320 2831 bis
344 2790 360 2843 [Ι
386 2792 442 2831 14
474 2787 630 2833 ozinas
655 2791 670 2847 ΙΙ
697 2794 750 2833 15
785 2789 1101 2846 opisthotonis
1124 2794 1140 2846 ΙΙ
1165 2794 1220 2835 18
1254 2790 1535 2849 falangionis
1566 2794 1621 2838 ut
1652 2794 1699 2838 R
1726 2796 1933 2851 (fortasse

247 2848 333 2889 aut
355 2851 410 2891 ut
433 2848 584 2905 infra)
606 2850 622 2904 ΙΙ
647 2853 704 2893 20
724 2862 862 2893 curae
889 2850 945 2893 ad
971 2849 1187 2906 potiones
1213 2851 1261 2894 et
1286 2850 1456 2896 colicos
1480 2853 1496 2908 ΙΙ
1519 2856 1574 2896 21
1601 2853 1708 2898 feno
1737 2856 1743 2910 Ι
1771 2854 1934 2899 ledun-

248 2905 327 2948 tur
349 2905 365 2962 ΙΙ
390 2911 444 2950 31
478 2905 661 2968 insanie
692 2907 773 2964 qui
