2060 3232
851 95 1246 147 —146—

200 227 294 270 ista
324 226 504 271 curatio
536 230 620 270 est:
653 226 789 270 bacas
822 225 949 269 lauri
972 238 1159 270 ‘numero
1179 225 1299 280 XX,
1329 226 1449 270 ‘nitri
1471 225 1684 270 selibram
1709 226 1888 283 (νίτρου

194 286 355 342 λίτραν
373 283 424 328 α’
443 283 529 340 H),
551 288 683 330 rutae
699 285 989 341 manipulum
1014 283 1246 341 (πηγάνου
1260 287 1448 343 χλωροῦ
1473 285 1714 341 ὃεσμίδιον
1733 283 1785 328 ἕν
1802 285 1890 341 H),

199 358 320 402 quae
351 344 506 388 omnia
536 344 778 401 diliyeuter
809 345 923 389 trita
960 357 1061 388 eum
1093 348 1217 389 aceto
1247 357 1343 388 ‘nou
1380 346 1481 389 aeri
1511 348 1552 388 et
1590 344 1683 389 oleo
1721 346 1890 401 optimo

200 416 380 448 rosaceo
411 404 653 448 commixta
683 404 823 447 hieme
861 403 1117 459 calefacies,
1144 408 1451 460 perumctoque
1481 403 1575 448 oleo
1613 404 1762 459 eapite
1792 404 1890 448 eius

199 467 242 506 et
273 463 449 507 cerebro
481 463 549 506 vel
579 462 805 507 auriculis
836 463 1100 506 cerebellare
1129 463 1182 506 de
1214 463 1376 506 lanata
1395 463 1511 517 pelle
1541 463 1766 507 convolvis
1789 461 1890 518 (καὶ

198 519 393 579 δέρματι
433 518 586 577 ἔχοντι
626 515 764 577 ἕρέαν
805 515 1152 579 ε’μβεβρεγμένῳ
1190 519 1336 579 τούτῳ
1381 525 1444 576 τῷ
1492 519 1761 580 βοηθήματι
1804 521 1891 577 τὴν

193 579 406 636 κεφαλὴν
436 581 689 636 περίδησον
723 579 996 637 [περίδυσον
1029 579 1144 637 Η])

319 639 379 684 51
421 639 478 682 Η
505 643 590 683 251
632 637 755 682 ἄλλο.
827 637 1025 695 ἄλευρον
1065 639 1285 695 κρίθινον
1325 639 1551 694 συμμίξας
1590 635 1752 697 ῥἠτίνῃ
1795 643 1890 683 κτλ.

200 699 262 743 Μ
285 703 341 743 95
367 697 485 754 χνε’.
535 697 649 754 Veg.
677 697 742 740 ΙΙΙ
766 702 805 753 7,
824 702 864 741 2.
891 702 932 741 3.
981 695 1208 741 excidisse
1233 698 1464 752 quaedam
1486 697 1667 754 pastilli
1691 699 1815 742 infra
1831 702 1888 742 53

199 756 450 802 memorati
489 757 713 813 arguunt,
755 770 872 812 quos
911 770 1006 800 non
1044 756 1223 800 omittit
1260 755 1507 813 VegetiuS,
1547 759 1602 800 ut
1639 757 1756 801 haec
1794 757 1892 802 fere

204 816 498 861 restituenda
528 816 795 860 videantur:
827 816 936 860 haec
966 816 1184 860 conterite
1215 819 1257 860 et
1287 813 1532 872 <pastillos
1560 816 1704 871 facito
1726 820 1894 862 etcum

197 875 341 935 vino>
371 877 478 920 dato
496 889 582 932 per
605 889 654 920 03
669 874 803 932 (ὁμοῦ
829 875 1085 931 συντρίψας
1110 870 1160 918 ἐν
1186 875 1297 934 οἴνῳ
1321 873 1403 918 διὰ
1428 874 1650 931 στόματος
1673 876 1808 919 δίδου
1826 876 1895 931 H,

203 949 259 980 ece
292 935 459 1037 quibxus
484 935 696 990 pastillos
725 935 870 989 facies
901 939 940 978 et
970 935 1023 978 in
1054 948 1176 991 aqua
1213 935 1394 992 frigida
1431 935 1577 980 dilue-9
1607 939 1648 979 et
1679 935 1810 980 dabis
1840 936 1894 980 in

234 999 356 1039 otum
432 1007 454 1037 e
494 996 535 1046 .).

193 1009 231 1052 P
319 1052 381 1096 52
395 1008 548 1097 H{51
569 1051 679 1096 ἄλλο
696 1051 812 1108 πρὸς
828 1051 1067 1108 κάθαρσιν
1081 1054 1299 1108 κεφαλῆς.
1334 1051 1593 1109 Μ9ὃχνς’.
1627 1053 1683 1098 cf.
1702 1054 1806 1097 adn.
1821 1057 1894 1099 35.

320 1111 380 1156 53
413 1111 476 1155 M
494 1116 550 1155 95
582 1110 683 1167 χνζ’
719 1109 877 1168 ἕτερον
911 1109 1148 1169 βοήθημα.
1207 1111 1322 1167 Veg.
1346 1111 1412 1155 HI
1437 1117 1477 1168 7,
1504 1118 1529 1156 3
1555 1125 1624 1156 ex,

322 1169 385 1214 54
417 1169 476 1212 H
494 1174 549 1214 62
597 1169 857 1227 (praecedit
902 1169 1133 1213 Hieroclis
1179 1170 1453 1227 remedium)
1498 1171 1580 1215 τὸν
1618 1170 1767 1215 πόνον
1807 1178 1891 1215 τοῦ

203 1231 341 1274 ὠτίου
374 1231 671 1286 θεραπεῦσαι
703 1229 800 1283 δεῖ,
845 1226 1009 1285 μήπως
1041 1226 1106 1279 εἰς
1137 1230 1312 1285 μανίαν
1354 1224 1528 1288 ἐμπέσῃ
1566 1230 1618 1274 τὸ
1652 1232 1767 1283 ζῶον
1799 1234 1894 1274 κτλ.

208 1293 263 1334 Μ
292 1294 372 1332 147
410 1287 555 1348 ᾳρπδ’
591 1283 694 1345 (ἐὰν
726 1287 777 1332 τὸ
818 1284 898 1338 οὖς
937 1286 1133 1346 ἀλγήσῃ)
1171 1288 1326 1344 periit.
1367 1290 1418 1332 in
1460 1288 1506 1331 P
1539 1288 1784 1346 inscriptio
1824 1293 1898 1334 est

201 1348 311 1392 ἄλλο
342 1349 458 1405 πρὸς
489 1347 733 1404 ὠταλγίαν.
791 1347 907 1404 Veg.
933 1347 999 1391 III
1028 1351 1094 1403 14,
1120 1352 1160 1390 4.
1187 1351 1228 1391 5.

321 1407 617 1464 spongiam
664 1405 892 1451 mollem
937 1405 1090 1451 nitro
1143 1408 1199 1450 et
1246 1420 1391 1462 aqua
1437 1407 1802 1464 maceratam]
1842 1407 1900 1452 H

202 1466 337 1511 addit
369 1465 485 1523 μέλι,
518 1465 644 1522 quod
678 1464 988 1510 Schneiderus
1024 1464 1219 1521 Vegetio
1250 1464 1501 1510 restituere
1542 1465 1695 1511 voluit
1732 1467 1896 1524 legens

200 1526 325 1571 nitro
373 1531 415 1572 et
461 1540 584 1583 aqua
630 1525 840 1582 melleque
894 1539 979 1582 pro
1027 1525 1152 1570 nitro
1206 1529 1247 1570 et
1293 1539 1415 1583 aqua
1460 1526 1677 1583 molliter,
1725 1525 1892 1571 dubito

200 1599 312 1629 num
344 1588 483 1630 recte.

321 1658 496 1700 usque
529 1657 651 1687 oum
684 1643 849 1688 dolor
880 1643 1169 1701 elimetur]
1197 1643 1254 1688 cf.
1281 1648 1367 1688 365
1398 1648 1452 1689 ut
1475 1644 1709 1701 paulatim
1731 1644 1896 1689 vitium

203 1704 446 1763 oliliyentia
486 1703 704 1749 elimetur.
767 1716 908 1760 usque
947 1703 1057 1748 dum
1097 1703 1243 1754 semel,
1278 1701 1452 1758 legitur
1484 1707 1591 1760 352,
1623 1717 1764 1760 usque
1793 1717 1896 1749 eum

202 1777 240 1808 o.
275 1763 393 1808 coni.
424 1762 614 1819 passim,
641 1766 710 1807 57.
741 1766 840 1806 181.
869 1766 952 1806 196
986 1763 1073 1806 oet.

322 1821 383 1866 55
407 1821 465 1865 H
484 1827 538 1866 63
588 1819 633 1865 εἰ
655 1819 720 1872 εἰς
750 1820 801 1864 τὸ
843 1817 922 1871 οὖς
959 1819 1085 1877 ὕδωρ
1127 1817 1330 1879 εἰσέλθῃ.
1373 1817 1530 1865 ἔλαιον
1569 1821 1772 1865 παλαιὸν
1810 1820 1893 1865 καὶ

203 1883 362 1938 νίτρον
395 1876 444 1935 ἐξ
480 1882 580 1925 ἴσου
614 1880 768 1939 βαλὼν
802 1878 867 1931 εἰς
890 1880 942 1924 τὸ
968 1876 1049 1931 οὖς
1074 1876 1230 1937 ἑπίχεε
1254 1879 1337 1924 καὶ
1362 1875 1526 1930 ἐπίθες
1551 1875 1702 1937 ἐρέαν.
1745 1879 1893 1939 τούτῳ

206 1939 258 1985 δὲ
289 1944 351 1999 τῷ
377 1939 532 2000 τρόπῳ
556 1939 638 1983 καὶ
670 1937 735 1990 εἰς
759 1937 824 1996 (εἰ
848 1939 912 1995 P)
943 1938 1186 1996 τραύματα
1211 1936 1335 1995 ἔγχει
1365 1941 1467 1996 (σχῇ
1497 1941 1570 1994 Ρ),
1596 1937 1894 1994 ἰαθήσονται,

206 2001 268 2044 Μ
289 2004 374 2043 147
409 1999 551 2060 ᾳρπε’
585 1998 738 2055 periit.
774 1997 1040 2042 accuratius
1068 1999 1179 2054 Veg.
1206 1997 1274 2041 ΠΙ
1301 2003 1369 2052 14,
1395 2003 1437 2042 6.

322 2059 385 2103 56
418 2060 481 2103 Μ
499 2063 553 2103 29
580 2057 683 2115 ριθ’
718 2058 1020 2113 Πελαγωνίου
1039 2055 1083 2101 εἰ
1097 2057 1386 2114 ’γλανδούλας
1403 2055 1497 2113 ἔχει
1515 2057 1603 2114 (ita
1617 2057 1668 2101 in
1683 2057 1893 2115 capitum

204 2117 375 2173 indice)
409 2125 501 2162 τῶν
534 2118 778 2173 σιαγόνων.
827 2115 1053 2170 αὔξονται
1085 2116 1250 2174 σάρκες
1283 2112 1334 2160 ἐκ
1367 2112 1612 2174 ῥὐπαρίας,
1645 2115 1792 2173 ἅσπερ
1826 2131 1895 2161 σι-

205 2176 330 2237 δήρῳ
363 2177 448 2235 χρὴ
475 2175 756 2233 ἀποτέμνειν
782 2175 863 2220 καὶ
887 2175 1211 2233 καυτηριάσαι,
1244 2176 1324 2220 καὶ
1348 2175 1463 2232 μετὰ
1485 2182 1631 2219 ταῦτα
1654 2175 1895 2233 θεράπευ-

206 2251 287 2281 σον
313 2235 477 2288 οὕτως·
514 2235 693 2295 φάβατι
723 2237 832 2293 (leg.
859 2234 1012 2292 ἅλατι)
1034 2235 1115 2279 καὶ
1147 2231 1286 2294 ε’λαίῳ
1313 2230 1390 2278 ἐπὶ
1413 2233 1587 2292 ἡμέρας
1610 2235 1677 2291 η’,
1703 2231 1893 2280 ἐκεῖθεν

205 2297 344 2355 νίτρῳ
369 2296 451 2340 καὶ
481 2295 619 2340 ὕδατι
649 2298 811 2354 θερμῷ
828 2291 926 2354 <ἢ>
951 2300 1120 2352 στακτῇ
1153 2293 1426 2339 ἀπόπλυνον
1458 2294 1509 2338 τὸ
1541 2293 1722 2351 πάσχον
1757 2293 1895 2351 μέρος

183 2354 286 2413 καὶ
310 2355 474 2399 λοιπὸν
501 2353 714 2412 οἰνελαίῳ
747 2353 916 2412 ὄροβον
945 2351 1257 2410 ἀληλεσμένον
1283 2350 1559 2411 (ἠλησμένον
1585 2356 1704 2408 cod.)
1729 2348 1896 2405 ἐπίθες

206 2409 284 2458 ἐπὶ
308 2413 353 2470 γ’
379 2411 567 2471 ἡμέρας.
600 2412 715 2469 μετὰ
732 2412 784 2456 δὲ
808 2419 955 2456 ταῦτα
980 2414 1091 2471 οἴνῳ
1116 2412 1198 2456 καὶ
1221 2412 1399 2470 ἀλεύρῳ
1424 2414 1624 2472 κριθίνῳ
1655 2412 1894 2468 θεράπευ-

207 2488 289 2518 σον
322 2473 381 2524 ὡς
412 2472 472 2517 ἂν
511 2471 695 2530 ὑγιάνῃ.
760 2471 977 2515 similiter
1008 2471 1066 2516 de
1098 2471 1336 2527 glandulis
1369 2458 1482 2527 Veg.
1508 2471 1667 2515 11124.

326 2532 385 2577 57
421 2533 475 2576 H
496 2536 550 2575 62
585 2530 841 2588 (praecedit
865 2529 1083 2587 Εὐμήλου
1114 2530 1231 2587 πρὸς
1254 2531 1522 2586 παρωτίδας
1545 2529 1625 2573 καὶ
1650 2529 1891 2587 χοιράδας)

209 2591 253 2636 εἰ
281 2591 616 2648 κονδυλώματα
649 2589 1001 2647 (κορδυλώματα
1025 2589 1089 2646 Ρ)
1123 2595 1207 2646 σχῇ
1233 2588 1313 2632 καὶ
1344 2590 1611 2646 παρωτίδας
1642 2592 1733 2634 κτλ.
1767 2589 1894 2634 idem

206 2652 392 2697 videtur
426 2652 486 2695 M
508 2654 564 2694 29
590 2648 703 2707 ριγ’.
767 2649 882 2704 Veg.
907 2647 974 2690 III
998 2652 1055 2692 24
1080 2661 1148 2692 ex.

327 2709 460 2754 inde
490 2709 665 2766 Lycio
697 2734 751 2740 -
784 2707 1003 2764 curato]
1039 2707 1217 2751 omittit
1248 2706 1313 2751 H.
1346 2719 1430 2763 pro
1464 2720 1518 2751 eo
1544 2707 1667 2762 quod
1692 2706 1897 2752 traditur

208 2770 314 2814 licio
329 2768 626 2814 Sarohianius
645 2765 909 2812 coniecerat
933 2766 1064 2822 luico,
1089 2766 1168 2811 sed
1194 2766 1352 2810 obstat
1375 2765 1622 2822 vegetius:
1646 2766 1895 2824 ylandulae

208 2842 321 2885 quae
353 2829 579 2874 tolluntur
609 2827 756 2885 Lycio
794 2825 1133 2872 medicamenta
1196 2823 1412 2869 similiter
1450 2825 1732 2882 Pelagonius
1771 2825 1897 2870 infra

212 2891 294 2931 195
327 2887 519 2944 Lycium
551 2887 600 2931 et
629 2886 868 2943 pulverem
892 2884 1009 2928 mali
1032 2884 1220 2941 granati
1244 2883 1438 2928 adhibet
1461 2885 1717 2940 eodemque
1749 2884 1893 2929 medi-
