2060 3232
797 149 1193 204 -183—

153 278 374 324 Sabinam
404 279 597 325 conteris
627 283 669 325 et
698 292 754 324 ex
783 291 964 325 rosaceo
996 280 1235 337 concoquis
1265 283 1307 325 et
1336 281 1402 325 sic
1432 283 1574 327 uteris
1603 297 1741 341 usque
1772 285 1835 331 ad

149 339 407 469 sanitgggn
422 397 479 441 H
505 402 590 441 293
638 396 751 453 ἄλλη
782 396 1045 453 κατασκευὴ
1080 392 1383 454 ἔμπλοὲστρου.
1438 398 1622 472 νίτρου,
1663 403 1836 456 χαλκοῦ

154 453 491 512 κεκαυμένους
523 456 773 530 ἀξουγγίου
826 455 921 500 ἀνὰ
975 456 1131 512 λίτρας
1178 455 1242 515 β’,
1290 455 1530 512 ἀσφάλτου
1578 455 1838 516 Ἰουδαϊκῆς

151 515 310 572 λίτρας
331 514 396 571 γ’,
427 513 712 572 χαλκανθης,
752 516 938 572 σιλφίου
976 514 1071 559 ἀνὰ
1110 516 1265 573 λίτρας
1302 522 1422 572 μιᾶς.
1491 517 1554 560 M
1576 521 1661 560 120
1687 518 1837 575 ἣμεᾌ

150 572 467 678 dagli-1331&
480 637 566 677 294
606 632 718 690 ἄλλη
752 631 1047 691 ἔμπλαστρος.
1112 632 1291 678 omittit
1319 602 1546 691 bitumen,
1585 634 1667 678 sed
1705 634 1837 680 addit

159 692 269 747 post
299 690 534 759 χαλβανης
566 719 619 725 -
651 693 843 759 yalbani
870 692 1146 738 Eichenfeld
1176 691 1344 737 Annal.
1372 692 1572 739 Vindob.
1597 697 1657 737 44
1678 707 1724 750 p
1752 698 1834 738 148

157 749 415 807 Pelagonio
445 750 633 796 restitui
663 750 829 809 voluit,
860 751 1058 797 fortasse
1088 754 1216 796 recte
1249 778 1305 785 —
1336 759 1482 831 κηροῦ
1522 752 1637 809 (ἀνὰ
1665 760 1721 809 ’γό
1749 750 1835 810 ἐξ).

153 810 217 854 M
246 810 566 914 1ξὲθῇέῖιζ294
597 868 709 925 ἄλλη
742 868 964 920 σύνθεσις
995 864 1300 926 ἔμπλαστρου.
1348 870 1563 927 καδμί,ας
1596 869 1836 926 ἀσφαλτου

147 925 420 996 ΙουΗδαϊκῆς,
451 930 624 985 χαλκοῦ
656 927 961 986 κεκαυμένου,
986 928 1271 986 χαλκανθης,
1296 930 1455 986 νίτρου
1480 928 1561 972 καὶ
1586 929 1835 986 ἀξουγγίου

152 987 335 1030 omissis
365 987 570 1044 reliquis.
621 988 683 1031 M
707 992 791 1032 120
817 987 974 1045 Quis.
1022 987 1188 1032 similis
1212 990 1285 1032 est
1302 987 1526 1045 Ἀψύρτου
1551 985 1836 1046 ἔμπλαστρος

150 1045 261 1102 περὶ
292 1052 482 1103 σφυρῶν
512 1045 654 1103 Hipp.
679 1061 724 1103 p.
751 1051 850 1092 290.
914 1060 1159 1091 numerum
1190 1046 1380 1103 inclusi,
1421 1061 1526 1092 cum
1569 1047 1683 1103 quid
1714 1049 1835 1093 exci-

153 1104 287 1161 derit,
320 1104 362 1150 si
391 1104 505 1161 quid
536 1105 722 1162 excidit,
756 1106 898 1150 statui
929 1108 1133 1162 nequeat
1163 1106 1381 1162 idemque
1414 1106 1704 1171 singularum
1729 1120 1830 1164 spe·

154 1163 543 1280 οἰθωῇἕοθὲἓῗ
561 1164 722 1268 ξῖῖἰεὲἓ
734 1164 850 1279 ‚vigi
882 1163 1526 1279 {jzgffiitliiumcfsiacdssagzeesst
1575 1224 1833 1269 chalcitidis

144 1283 288 1339 pond.
315 1283 359 1338 I,
389 1284 507 1340 misy
538 1284 681 1339 pond.
708 1259 744 1326 I'
762 1285 915 1338 semis,
955 1284 1193 1346 aeruginis
1229 1284 1415 1328 nnciam
1439 1284 1486 1338 I,
1525 1284 1732 1329 stercoris
1762 1297 1832 1328 co-

148 1342 343 1386 lumbini
364 1343 507 1398 pond.
533 1343 578 1395 I,
608 1342 793 1387 adarcis
815 1343 979 1387 wneias
1004 1343 1104 1386 III
1130 1347 1172 1387 et
1201 1343 1438 1400 scrupulos
1462 1343 1578 1387 III.
1611 1357 1723 1386 num
1746 1356 1830 1399 pro

56 1397 60 1401 “
147 1400 335 1445 adareis
353 1401 650 1445 scribendum
667 1401 728 1445 sit
744 1403 860 1446 aceti
876 1402 998 1446 aeris
1014 1401 1402 1457 inserendumque
1418 1402 1561 1446 mellis
1573 1401 1827 1457 quaeritur.

271 1458 366 1503 343
399 1460 462 1503 M
491 1465 546 1504 53
580 1459 699 1504 σπθ’
733 1460 1021 1517 τραυματικὴ
1055 1460 1260 1517 εὔοσμος.
1293 1473 1379 1517 pro
1405 1475 1458 1506 eo
1484 1460 1608 1517 quod
1630 1460 1833 1505 traditur

154 1518 318 1562 σιδίων
353 1518 505 1575 ξηρῶν
536 1518 788 1576 legendum
818 1520 1005 1564 videtur
1037 1520 1120 1564 ἴων
1152 1521 1318 1576 ξηρῶν.

265 1576 361 1621 344
392 1578 455 1621 M
479 1581 535 1622 53
569 1578 647 1635 o'q'
682 1577 945 1634 κατασκευὴ
978 1579 1153 1636 ξηρίου.
1216 1593 1301 1636 pro
1340 1578 1507 1635 χόρτου
1539 1576 1830 1635 κεκαυμένου

144 1635 310 1738 1(Ζίἅὶιιιιῒ,
354 1650 455 1681 esse
501 1636 672 1694 χάρτης
723 1636 1026 1695 κεκαυμένης.
1106 1639 1254 1697 altera
1308 1639 1504 1682 σποδίου
1551 1636 1827 1694 compositio

232 1698 287 1738 52
321 1694 437 1749 oog'.

264 1753 358 1798 345
405 1754 500 1799 346
549 1753 605 1800 cf.
647 1759 748 1799 333.
806 1754 922 1812 Veg.
950 1755 1011 1799 VI
1036 1759 1119 1810 28,
1147 1761 1200 1800 13
1235 1769 1332 1812 seq.
1396 1760 1482 1800 346
1530 1757 1602 1799 est
1647 1756 1703 1799 H
1744 1761 1831 1800 304

148 1814 451 1888 Πελαγωνίου
483 1814 745 1871 κατασκευὴ
778 1817 989 1871 λιπαρᾶς.
1051 1814 1355 1872 λιθαργυρον,
1386 1814 1670 1872 ψιμμύθιον,
1703 1815 1833 1874 λίβα-

146 1887 232 1915 νον
264 1869 441 1929 αρρενα
474 1869 634 1930 ἐπίσης
664 1874 818 1933 λαβὼν
849 1879 1019 1931 τρῖψον
1042 1874 1124 1918 καὶ
1147 1874 1422 1933 προσβαλὼν
1444 1874 1631 1930 κρόκου,
1659 1849 1831 1930 ἐλαίου,

143 1929 324 1987 μέλιτος
353 1932 405 1976 τὸ
437 1932 674 1990 ἀρκοῦνχ
647 1940 754 1990 χρῶ.

268 1990 380 2048 Cap.
412 1990 576 2037 XXVI.
637 1991 803 2037 Priora
833 1993 974 2038 debet
1004 1991 1045 2036 A
1046 1993 1208 2050 psyrto
1239 1992 1380 2050 Hipp.
1406 2008 1451 2050 p
1480 1997 1564 2037 186
1598 2006 1663 2048 sq.
1705 1992 1831 2050 (inde

145 2006 386 2095 Hierocles
417 2065 461 2108 p.
498 2052 616 2109 187).
690 2050 895 2109 Geopon.
928 2051 1039 2095 XVI
1077 2065 1177 2108 cap.
1220 2055 1273 2095 18
1314 2052 1568 2109 Pelagonio
1606 2051 1828 2097 tribuitur

142 2121 400 2213 perpgaa?
393 2169 508 2224 Veg.
533 2169 574 2213 V
601 2173 744 2225 70,1;
784 2169 956 2214 scabies
993 2170 1208 2215 iumentis
1246 2170 1576 2224 deformitatem
1605 2172 1647 2212 et
1675 2169 1827 2225 passi-

146 2239 274 2271 onem
304 2231 346 2271 et
375 2228 605 2272 interdum
630 2228 887 2284 periculum
915 2233 1113 2286 qenerat.
1175 2229 1438 2285 contayiosa
1467 2241 1662 2284 namque
1691 2233 1757 2272 est
1786 2231 1828 2271 et

150 2286 320 2330 transit
349 2286 402 2330 in
417 2286 588 2343 plnres.
645 2287 722 2332 eui
742 2288 950 2332 nascenti
979 2288 1313 2332 medicamentis
1335 2300 1430 2331 non
1453 2291 1627 2344 oportet
1649 2286 1831 2331 occurri

150 2343 235 2399 (sic
267 2344 366 2389 cod.
402 2344 571 2401 Corb.)‚
602 2359 659 2390 ne
690 2347 936 2402 praeclusa
975 2351 1073 2392 cute
1109 2347 1162 2390 in
1199 2347 1445 2391 visceribus
1483 2347 1683 2391 residens
1722 2358 1828 2390 con·

142 2406 348 2448 vertatur
377 2404 430 2448 in
459 2405 662 2449 morbum
693 2418 731 2449 e.
759 2419 850 2461 q.s

266 2462 643 2522 scabiaverit]
677 2463 812 2519 Corp
838 2464 978 2538 gloss
1003 2463 1047 2506 II
1069 2478 1115 2520 p.
1141 2468 1224 2508 481
1259 2470 1421 2521 ’ψωριῶ
1452 2464 1618 2508 scabio.

262 2520 357 2566 348
403 2521 658 2596 Apsyrtus:
698 2521 803 2576 ὅξος
842 2521 1123 2580 δριμύτατον
1162 2522 1243 2567 καὶ
1288 2523 1445 2580 γλοιὸν
1484 2522 1707 2566 παιδικὸν
1746 2521 1827 2565 καὶ

142 2577 343 2637 κεδρέαν
375 2580 605 2635 ἀναζέσας
636 2577 687 2626 ἐν
711 2582 863 2641 ταυτῷ
887 2581 1220 2639 ξυλοσπόγγιον
1244 2581 1443 2637 ποιήσας
1465 2585 1652 2638 θερμῶς
1683 2580 1826 2624 κατά-

147 2654 260 2695 χριε.
308 2640 421 2697 Veg.
448 2641 488 2685 V
516 2645 585 2696 70,
611 2646 636 2685 3
663 2627 845 2686 omittit
855 2641 1012 2698 γλοιὸν
1035 2640 1274 2697 παιδικόν,
1300 2643 1424 2698 quod
1448 2640 1657 2684 Ruellius
1682 2640 1826 2684 vertit

140 2699 454 2755 striymentum
477 2701 667 2758 puerile

262 2756 358 2801 349
388 2757 641 2815 Apsyrtus:
675 2754 862 2816 ἐνεργεῖ
886 2758 937 2803 δὲ
970 2758 1051 2803 καὶ
1081 2766 1236 2803 τοῦτο·
1278 2759 1416 2802 θείου
1449 2757 1529 2802 καὶ
1568 2756 1824 2813 ασφοὶλτου,

144 2809 341 2859 ἕκαστον
387 2816 438 2860 τὸ
480 2819 579 2862 ἴσον
617 2819 807 2875 τρίψας,
849 2816 1005 2862 ἔλαιον
1045 2814 1233 2875 ἐπιχέας
1270 2817 1453 2873 ’ψυχρὸν
1492 2831 1711 2872 καταχριε
1743 2815 1824 2859 καὶ

144 2872 344 2930 στηκὲτω
393 2871 444 2919 ἐν
489 2881 551 2936 τῷ
597 2877 722 2937 ἡλίῳ.
784 2877 902 2935 Veg.
929 2878 968 2922 V
995 2882 1065 2934 70,
1093 2881 1119 2920 3
1168 2875 1416 2931 exhibenS,
1463 2877 1517 2920 ut
1562 2880 1634 2919 est
1671 2875 1720 2919 in
1765 2875 1830 2931 B,

135 2947 397 2992 pericnques
427 2936 479 2980 in
509 2922 611 2981 ἑοῖο.
