2060 3232
774 107 1136 162 —35—

110 246 368 308 pulverem
413 243 809 293 minutissimum
861 244 1047 309 redigis
1093 246 1164 309 et,
1213 261 1328 294 cum
1372 262 1568 296 necesse
1622 248 1798 313 fuerit,

114 320 334 368 cocleare
386 334 546 366 unum
609 318 796 383 grande
852 318 1061 381 plenum
1115 334 1230 368 cum
1283 319 1390 368 vini
1430 321 1645 371 sextario
1684 323 1795 371 fau-

108 393 248 442 cibus
286 392 523 440 infundis„

216 466 346 515 Item
383 466 523 514 aliud
561 466 625 514 ad
661 465 906 530 morbum,
946 465 1144 529 Caystri
1179 465 1337 516 Siculi
1374 468 1649 532 mangonis
1717 486 1795 518 ra·
1842 470 1874 515 9

8 596 9 601 ¹
58 551 81 586 5
105 539 239 589 dices
278 539 415 588 ebuli
453 542 504 588 et
540 539 730 588 radices
761 540 953 590 urticae
986 540 1160 603 aequis
1190 540 1494 603 ponderibus
1523 541 1799 604 liquamine

105 614 298 662 infusas
329 613 383 661 in
412 629 700 663 mensuram
728 614 886 662 trium
916 630 1127 664 ovorum
1148 614 1316 664 triduo
1347 614 1593 664 infundes
1646 615 1798 665 facies

104 688 218 737 inde
258 688 480 737 colatum
517 704 606 751 per
650 687 936 754 linteolum,
985 687 1190 738 naribus
1236 704 1471 738 mensura
1519 689 1671 738 unius
1718 690 1801 739 ovi

103 762 273 810 mittes
311 778 401 824 per
437 762 675 810 triduum.

214 836 344 884 Item
389 835 528 884 aliud
582 835 646 883 ad
697 836 928 885 morbum
979 836 1312 885 articularem.
1391 837 1689 901 sanguinem
1738 837 1798 885 de
1817 836 1879 882 10

40 920 84 954 ιο
106 909 336 959 omnibus
390 909 616 959 articulis
674 909 923 959 detrahito
972 912 1023 958 et
1070 910 1173 959 vite
1233 910 1350 959 alba
1407 910 1646 960 articulos
1707 911 1798 959 cir-

104 984 338 1032 cumdato
394 984 444 1032 et
496 983 604 1046 pice
658 983 854 1046 liquida
907 984 1146 1033 articulos
1208 983 1396 1033 circum
1447 984 1686 1049 unguito,
1749 988 1801 1033 et

102 1058 390 1120 frequenter
427 1057 715 1106 deambulet
753 1060 804 1106 et
842 1057 951 1107 cibo
992 1058 1263 1121 abstinet03
1312 1058 1487 1107 hordei
1533 1074 1649 1107 sane
1688 1059 1799 1106 triti

103 1133 155 1180 et
194 1131 398 1180 cribrati
435 1131 609 1180 mittas
648 1125 941 1200 sext(arios)
980 1132 1085 1180 ΠΠ
1115 1148 1231 1181 cum
1261 1148 1522 1181 cucumere
1554 1132 1796 1182 silvatico.

103 1205 225 1254 satis
266 1205 482 1268 prodest.

34 1289 77 1324 15
211 1279 292 1327 Ad
321 1279 552 1329 morbum
580 1279 788 1344 regium.
849 1278 1164 1343 intellegitur
1194 1281 1366 1328 autem
1394 1279 1598 1329 morbus
1627 1280 1796 1344 regius
1814 1278 1875 1322 11

28 1391 33 1396 -
103 1350 215 1416 [sic]
258 1370 318 1402 ex
355 1353 513 1403 oculis
551 1354 633 1404 vel
669 1353 897 1416 maxime,
936 1369 1054 1401 nam
1089 1355 1180 1401 aut
1218 1354 1479 1416 sulphurei
1517 1356 1609 1401 aut
1645 1353 1797 1402 felliti

101 1427 371 1476 admodum
417 1429 547 1476 sunt.
624 1427 747 1476 haec
791 1427 1029 1476 valetudo
1074 1427 1156 1476 vel
1201 1443 1354 1476 causa
1398 1427 1561 1476 morbi
1606 1443 1666 1475 ex
1711 1426 1794 1475 ab—

100 1501 348 1549 undantia
388 1501 520 1549 fellis
558 1517 922 1563 nonnunquam
952 1501 1130 1550 evenit.
1201 1500 1399 1549 curabis
1432 1501 1522 1549 sic:
1562 1501 1797 1565 asparagi

101 1575 318 1624 silvatici
362 1575 580 1624 radicem
626 1575 900 1624 contundes
947 1577 998 1623 et
1041 1574 1094 1621 in
1141 1591 1302 1638 aquae
1350 1575 1586 1639 congium
1633 1574 1795 1622 mittis

34 1661 78 1695 20
100 1651 151 1697 et
189 1649 254 1697 ad
290 1649 467 1697 tertias
506 1649 742 1711 decoquis
790 1650 842 1697 et
884 1665 975 1711 per
1020 1665 1175 1697 cornu
1220 1649 1427 1697 naribus
1474 1648 1697 1696 infundis
1745 1651 1796 1697 et

99 1723 306 1786 patieris
345 1739 533 1786 equum
564 1722 756 1770 diutius
789 1737 1086 1785 suspensum
1125 1723 1316 1771 durare.
1390 1722 1523 1785 quod
1563 1722 1605 1771 si
1636 1722 1797 1771 maior

98 1812 252 1846 causa
302 1797 540 1861 exegerit,
592 1797 732 1845 addis
783 1797 847 1845 ad
892 1796 1148 1859 potionem
1194 1796 1588 1860 suprascriptam
1633 1796 1796 1859 liqua-

98 1871 246 1919 minis
286 1871 468 1920 summi
507 1871 714 1934 cyathos
752 1871 842 1918 m.

207 1945 288 1992 Ad
332 1945 575 1994 morbum.
647 1945 690 1992 si
735 1943 954 2007 coeperit
999 1945 1058 1992 de
1105 1944 1308 1993 incertis
1353 1944 1564 2007 pedibus
1606 1943 1794 1993 claudi·
1813 1943 1874 1989 12

30 2030 74 2063 25
97 2034 208 2067 care
239 2019 320 2067 vel
343 2019 491 2081 pedes
523 2019 870 2082 intumuerint,
901 2018 1324 2080 periculosissima
1356 2018 1559 2082 quidem
1587 2033 1666 2066 res
1705 2020 1794 2080 est,

101 2095 308 2141 curatur
361 2095 532 2141 autem
585 2092 676 2141 sic:
732 2092 938 2157 sanguis
1000 2092 1060 2141 de
1113 2095 1331 2155 utraque
1392 2094 1535 2155 parte
1590 2091 1794 2141 cervicis

98 2167 342 2231 mittitur,
398 2168 459 2214 ut
502 2182 663 2229 usque
711 2166 775 2215 ad
821 2181 1069 2214 summam
1117 2166 1469 2230 fatigationem
1519 2165 1796 2214 deducatur

99 2240 300 2304 animal,
339 2243 455 2302 post
492 2256 645 2289 uvam
682 2240 912 2302 lupinam
942 2256 1058 2288 cum
1086 2241 1233 2288 melle
1274 2243 1324 2288 et
1360 2255 1495 2302 aqua
1526 2239 1795 2287 cisternina

101 2314 219 2363 dato
258 2330 419 2377 usque
459 2314 523 2362 ad
562 2314 843 2362 sanitatem.

30 2399 74 2432 30
207 2388 336 2436 Item
375 2388 525 2435 aliud.
588 2388 739 2450 primi
768 2387 1059 2450 liquaminis
1091 2387 1297 2436 calicem
1325 2388 1533 2450 plenum
1562 2387 1615 2433 in
1645 2401 1789 2434 nares
1807 2387 1869 2432 13

96 2462 301 2525 mittito,
341 2463 401 2509 ut
440 2478 595 2524 quam
623 2461 927 2510 validissime
961 2463 1237 2525 soporetur,
1276 2461 1459 2525 frigido
1501 2460 1654 2508 etiam
1684 2461 1792 2508 loco

96 2536 391 2585 stabuletur.
469 2535 716 2585 coriandri
755 2551 872 2584 sane
912 2538 963 2583 et
1001 2535 1278 2584 cucumeris
1326 2533 1536 2599 agrestis
1574 2533 1698 2582 folia
1736 2535 1787 2581 et

94 2610 285 2658 radices
336 2611 386 2658 et
434 2610 596 2658 mellis
646 2610 781 2672 quod
831 2609 953 2658 satis
1004 2611 1101 2674 est,
1155 2625 1271 2659 cum
1314 2608 1431 2658 vino
1478 2608 1618 2672 dato,
1672 2609 1788 2670 post

97 2683 233 2746 porri
283 2683 389 2732 suci
439 2683 760 2733 acetabulum
805 2684 1013 2746 plenum
1061 2683 1304 2732 faucibus·
1342 2680 1618 2743 infundito;
1670 2679 1792 2729 offas

219 2801 246 2839 2
270 2794 471 2840 cocliare
493 2797 510 2852 ΙΙ
533 2800 561 2840 4
586 2794 791 2854 Caystri]
816 2795 1073 2851 Πιστηρίου
1100 2795 1215 2839 ΗΜ
1261 2793 1506 2849 Πιστιρίου
1538 2792 1618 2849 Pu
1644 2796 1698 2836 15
1722 2791 1791 2835 in-

100 2852 333 2956 ἓῗὶὶιςιίἔέι·
354 2855 425 2899 ita
446 2868 616 2911 semper
641 2856 779 2899 codex
801 2856 816 2911 [Ι
844 2860 896 2898 16
928 2857 1037 2898 mai
1064 2856 1079 2911 ΙΙ
1103 2857 1158 2898 23
1193 2855 1318 2910 cyati
1342 2855 1357 2910 Ι]
1381 2857 1438 2896 25
1462 2851 1755 2896 intumuerfit
1779 2852 1792 2909 ἢ

1423 2984 1481 3028 3*
