2060 3232
790 114 1158 166 —13-

131 253 208 299 est
239 265 363 298 saec.
395 249 494 296 XII
525 248 753 297 exeuntis
766 241 825 314 ¹).
878 264 938 296 ex
967 249 1061 297 hoc
1094 241 1187 315 (G)
1221 250 1273 297 et
1304 249 1462 297 altero
1495 249 1820 299 Londiniensi

133 317 232 390 (L)
271 322 662 386 Darembergius
710 322 952 370 lectiones
1003 323 1214 370 selectas
1270 337 1384 370 cum
1433 323 1630 372 Millero
1686 339 1819 372 com·

129 397 424 458 manicavit,
457 395 639 459 quibus
671 395 864 444 accedit
894 396 1079 444 tertius
1110 395 1384 458 Leydensis
1416 395 1479 443 ab
1513 397 1686 445 eodem
1708 399 1818 447 viro

130 471 278 519 docto
318 469 439 518 olim
476 470 706 518 collatus,
775 469 1175 517 Laurentianum
1215 468 1396 516 LXXV
1430 471 1459 518 6
1501 470 1820 519 chartaceum

131 559 168 594 s.
201 543 295 591 XV
324 543 432 605 ipse
463 543 672 605 inspexi.
725 542 1040 606 Hippiatrica
1070 543 1319 606 incipiunt
1349 542 1381 590 f.
1411 544 1516 591 124
1547 542 1660 591 τάδε
1690 541 1820 593 ἐστὶν

129 615 186 666 ἐν
224 615 339 685 τῇδε
375 623 432 685 τῇ
472 616 626 686 βίβλῳ
664 622 750 680 τῆς
788 622 886 665 τῶν
925 615 1091 666 ἵππων
1129 615 1410 683 θεραπείας.
1487 617 1703 665 indicem
1741 632 1820 665 ca-

130 692 297 754 pitum
337 691 593 753 excipiunt
623 693 872 739 tractatus
903 691 1100 739 metrici
1132 691 1231 739 duo
1271 692 1303 739 f.
1340 692 1444 738 126
1486 688 1680 749 ἔκθεσις
1710 689 1822 756 περὶ

131 768 369 828 σταθμῶν
407 763 490 812 καὶ
528 762 716 829 μέτρων
762 762 1082 829 ἀκριβεστάτη
1132 767 1184 814 et
1227 766 1262 812 f.
1298 759 1427 812 126'
1466 761 1661 822 ἕκθεσις
1700 766 1820 813 Διο-

132 837 296 903 δώρου
326 835 437 903 περὶ
460 841 696 902 σταθμῶν
727 835 811 886 καὶ
835 834 1022 903 μέτρων
1055 835 1264 903 ἀκριβής
1275 831 1336 905 2).
1382 839 1614 901 sequitur
1643 839 1677 886 f.
1714 840 1819 887 127

125 906 377 977 Ἀψύρτου
416 909 528 976 περὶ
565 918 778 976 πυρετοῦ
819 910 1007 961 ἵππου
1049 906 1315 979 (superscr.
1356 929 1422 960 m.
1456 905 1513 978 2)
1552 910 1821 975 κεφάλαιον

128 992 336 1051 πρῶτον.
399 985 830 1050 Στρατευσάμενος
866 988 964 1034 κτλ.
1007 980 1149 1049 (edit.
1190 985 1343 1049 Gryn.
1381 1003 1429 1048 p.
1466 979 1538 1052 1).

242 1059 330 1107 IV.
368 1059 580 1107 Prorsus
605 1059 855 1109 diversam
878 1059 1311 1122 Hippiatricorum
1333 1060 1673 1108 recensionem
1695 1059 1823 1107 liber

130 1132 337 1195 praebet
360 1133 618 1181 Parisinus
644 1135 786 1182 2322
822 1133 1102 1196 descriptus
1136 1135 1186 1182 et
1218 1136 1480 1196 excerptus
1506 1150 1536 1181 a
1559 1127 1821 1198 Millero3),

130 1207 420 1255 membrana
460 1207 676 1269 scriptus
716 1222 843 1255 saec.
874 1207 946 1255 XI
983 1207 1222 1256 foliorum
1255 1209 1377 1255 263.
1441 1207 1703 1269 inscriptio
1744 1209 1822 1255 est

124 1273 378 1346 Ἀψύρτου
408 1273 731 1347 Διοκλέους4)
764 1280 1087 1345 Πελαγωνίου
1117 1279 1200 1329 καὶ
1231 1283 1416 1329 λοιπῶν
1446 1280 1688 1344 κεφάλαια
1710 1278 1822 1345 περὶ

129 1354 398 1420 θεραπείας
436 1353 614 1403 ἵππων.
676 1355 845 1417 capita
881 1355 1064 1402 ultima
1102 1349 1338 1420 ,αρξς’-
1357 1352 1518 1419 ,ασκγ’
1547 1355 1821 1418 perierunt,

132 1443 346 1490 quorum
401 1429 640 1476 lemmata
691 1444 750 1476 ex
798 1428 964 1476 indice
1013 1429 1067 1475 in
1115 1428 1362 1490 principio
1415 1429 1582 1491 posito
1639 1443 1820 1491 cogno-

131 1504 341 1550 scuntur
351 1495 408 1567 5).
476 1517 577 1550 non
615 1505 818 1550 tantum
856 1502 975 1550 ordo
1022 1502 1359 1550 remediorum
1402 1503 1552 1564 plane
1591 1502 1820 1551 inversus

131 1578 208 1623 est
238 1575 291 1622 in
322 1576 416 1623 hoc
447 1575 614 1623 codice
648 1568 781 1642 (M),
822 1576 910 1623 sed
947 1576 1168 1638 plurima
1205 1576 1381 1624 insunt
1411 1576 1616 1624 inedita.
1680 1591 1822 1623 accu-

130 1649 291 1696 ratius
330 1664 460 1711 quae
499 1650 630 1697 ratio
662 1649 943 1698 intercedat
972 1649 1105 1698 inter
1133 1650 1266 1697 hunc
1298 1649 1521 1698 codicem
1561 1651 1612 1697 et
1649 1650 1821 1712 volga-

130 1738 236 1770 rem
272 1722 545 1770 editionem
579 1723 922 1785 quaerendum
964 1724 1011 1772 ei
1052 1724 1283 1786 relinquo
1325 1724 1413 1786 qui
1454 1739 1637 1772 novam
1675 1725 1823 1785 parat

131 1796 563 1858 Hippiatricorum
581 1796 866 1846 editionem.
906 1800 1152 1860 quantam
1174 1799 1346 1846 autem
1361 1797 1626 1861 Pelagonii
1649 1797 1821 1845 libello

132 1870 435 1918 recensendo
481 1870 761 1919 utilitatem
808 1872 1041 1920 attulerit
1086 1873 1153 1919 M
1194 1887 1254 1919 ex
1298 1872 1392 1920 hac
1437 1871 1550 1934 ipsa
1603 1871 1822 1919 editione

131 1943 342 2006 patebit.
402 1943 483 1991 hic
520 1960 621 1993 non
651 1945 828 1993 tacebo
861 1946 1239 2007 compilatorem
1270 1946 1404 1993 hunc
1434 1945 1618 1993 melius
1658 1945 1820 2008 egisse

134 2018 269 2080 quod
300 2017 549 2066 Hieroclis
580 2034 743 2067 meras
774 2019 1102 2082 repetitiones
1135 2019 1398 2068 secluserit
1427 2020 1689 2081 multaque
1722 2019 1823 2066 alia

131 2089 360 2154 pleniora
417 2093 719 2154 excerpserit
772 2095 864 2141 aut
916 2094 1236 2142 transtulerit
1266 2089 1350 2141 'ex
1405 2093 1509 2141 suis
1557 2095 1822 2140 auctorum

134 2163 440 2213 Graecorum
477 2165 876 2230 Latinorumque
915 2167 1080 2231 libris,
1128 2182 1281 2230 quam
1319 2167 1407 2230 qui
1448 2166 1821 2230 Grynaeianum

254 2322 298 2375 1)
328 2319 691 2377 Darembergius
722 2321 752 2365 1.
786 2334 825 2366 0.
857 2321 923 2364 ΠΙ
952 2337 996 2378 p.
1024 2326 1096 2366 47.

251 2382 298 2434 2)
330 2378 526 2423 Diodori
557 2379 900 2436 expositionem
932 2395 988 2425 ex
1018 2380 1124 2424 aliis
1157 2380 1397 2426 codicibus
1429 2381 1593 2425 Ericus
1626 2381 1820 2426 Pernice

136 2437 290 2483 edidit
319 2438 435 2481 Mus·
467 2437 615 2482 Rhen.
647 2440 740 2483 vol.
765 2444 824 2484 44
853 2454 900 2496 p.
926 2444 1011 2484 568
1031 2454 1100 2495 sq.

254 2500 300 2553 3)
330 2497 500 2541 Notice
532 2512 609 2541 sur
638 2497 684 2542 10
715 2512 800 2542 ms,
833 2512 943 2556 grec
974 2515 1019 2544 n.
1044 2503 1159 2543 2323
1199 2500 1257 2543 de
1297 2500 1344 2543 la
1381 2498 1705 2555 bibliotheque
1737 2499 1822 2542 im-

133 2555 311 2614 periale
341 2559 596 2601 contenant
626 2556 670 2601 le
701 2558 872 2602 recueil
907 2558 988 2602 des
1021 2560 1403 2602 IHHIATPIKA.
1449 2557 1642 2602 Notices
1675 2559 1722 2602 et
1746 2572 1821 2602 ex-

133 2616 271 2661 traits
296 2616 375 2659 des
401 2614 679 2660 manuscrits
697 2616 819 2660 dela
840 2616 953 2660 bibl.
978 2616 1224 2674 imperiale
1241 2619 1331 2662 vol.
1349 2618 1458 2662 XXI
1474 2631 1581 2673 pars
1599 2622 1624 2661 2
1651 2618 1821 2672 (1865).

254 2675 301 2731 4)
332 2673 633 2718 scribendum
666 2689 765 2720 esse
789 2673 1072 2733 Ἱεροκλέους
1104 2677 1286 2721 monuit
1316 2677 1524 2720 Miller-us
1556 2675 1588 2720 1.
1614 2690 1650 2720 c.
1684 2691 1729 2732 p.
1751 2681 1819 2719 13.

256 2737 301 2789 5)
332 2732 574 2789 Tanquam
605 2734 840 2791 appendix
869 2737 1097 2779 tractatus
1135 2735 1244 2793 περὶ
1274 2734 1452 2793 μέτρων
1485 2734 1566 2779 καὶ
1597 2737 1822 2791 σταθμῶν

138 2790 478 2848 ἴπποϊατρικῶν
503 2792 739 2837 subiectus
765 2796 835 2838 est
859 2808 1051 2839 numero
1077 2809 1249 2839 carens.
1290 2794 1604 2851 praecedebat
1627 2793 1819 2851 (,ασκγ’)

138 2850 192 2895 ἐκ
222 2858 314 2897 τῶν
338 2850 640 2909 Κλεοπάτρας
663 2860 953 2910 κοσμητικῶν
983 2853 1092 2912 περὶ
1117 2857 1340 2912 σταθμῶν
1365 2853 1446 2898 καὶ
1470 2851 1663 2911 μέτρων,
1696 2853 1823 2909 quod

138 2911 282 2954 etiam
313 2912 362 2955 in
392 2911 439 2955 P
465 2909 494 2954 f.
522 2909 627 2955 390'
654 2913 844 2968 legitur.
