2060 3232
865 57 1255 154 478—

236 238 356 288 salis
403 237 589 287 sordidi
625 264 684 271 —
729 238 861 302 IHI,
916 237 1041 300 picis
1091 236 1314 300 liquidae
1370 237 1512 300 scrip.
1544 237 1647 285 IIII
1693 253 1796 285 una
1834 237 1915 286 de·

237 312 423 376 coquis.

127 393 224 438 219
350 387 480 434 Item
542 385 583 434 si
643 385 825 450 gamba
874 385 1194 434 intumuerit.
1254 385 1345 434 flos
1406 384 1542 433 faeni
1602 357 1918 433 combustum

236 476 350 509 611111
387 475 538 522 posca
575 459 774 523 frigida,
812 459 970 508 uteris
1007 475 1168 521 usque
1206 474 1322 507 cum
1358 459 1524 507 fervor
1553 458 1765 507 tumoris
1804 473 1916 507 eva—

234 536 390 596 poret.
453 536 574 581 tunc
613 533 772 580 alium
810 535 1077 581 contusum
1121 532 1331 596 gambae
1379 531 1755 594 superimponis.
1817 532 1916 579 uti·
1963 540 1984 573 5
2031 527 2043 590 J

230 607 478 656 lissimum
515 606 687 654 fertur.

121 685 222 732 220
347 680 476 728 Item
513 678 652 741 potio
692 679 755 727 ad
791 694 946 727 renes.
1008 678 1194 740 pilulas
1225 677 1446 740 cupressi
1474 678 1658 727 virides
1688 678 1920 726 undecim

231 769 384 817 assas,
407 753 529 801 nitri
549 779 611 786 —-
633 752 711 800 ΠΙ
745 753 968 814 adaeque
1000 751 1260 800 torrefacis
1292 754 1342 799 et
1371 752 1425 799 in
1454 752 1713 815 pulverem
1734 751 1919 816 redigis

232 830 283 876 et
305 828 472 890 ipsum
501 827 759 889 pulverem
789 841 903 874 cum
932 825 1095 874 mellis
1118 826 1278 874 unciis
1302 826 1379 873 ΙΠ
1411 827 1462 874 et
1493 826 1591 875 olei
1611 825 1731 875 boni
1756 852 1823 858 —
1842 825 1920 873 [Π

231 904 283 950 et
333 901 439 950 vini
490 900 673 949 veteris
730 899 957 949 sextariis
1013 899 1116 947 IIII
1169 900 1382 948 mixtum
1442 916 1531 962 per
1592 899 1919 962 quatriduum
1942 910 1986 942 10

231 975 462 1024 faucibus
501 974 747 1022 infundes.

122 1044 215 1090 221
344 1048 474 1096 Item
535 1047 599 1094 ad
660 1047 881 1096 dolorem
940 1046 1239 1096 lumborum.
1315 1046 1563 1096 brassicae
1625 1045 1919 1095 contundito

233 1122 378 1184 hem,
417 1121 650 1183 polentae
690 1123 808 1168 sext.
851 1136 985 1182 aqua
1016 1120 1201 1185 frigida
1241 1121 1460 1185 subigito
1494 1123 1544 1169 et
1582 1120 1841 1183 imponito.

123 1191 216 1236 222
344 1195 474 1242 Item
534 1194 686 1241 aliud.
774 1193 1094 1256 sisymbrium
1147 1210 1262 1242 cum
1313 1195 1546 1257 polentae
1602 1196 1721 1243 sext.
1786 1209 1921 1256 aqua

233 1267 465 1331 subigito.
1943 1276 1986 1310 15

121 1338 215 1383 223
342 1341 472 1389 Item
518 1334 670 1388 aliud.
756 1340 978 1403 cupressi
1030 1340 1153 1389 folia
1207 1340 1503 1389 contundito
1559 1341 1623 1389 ad
1667 1341 1920 1402 heminam

230 1417 280 1463 et
316 1415 548 1478 polentae
588 1414 859 1463 sextarium
897 1417 1037 1463 aceto
1077 1415 1341 1463 subactum
1375 1415 1564 1463 dolenti
1602 1415 1859 1477 imponito.

121 1484 216 1530 224
342 1488 511 1536 Α]111ᾶ.
595 1488 787 1536 resinae
848 1488 1002 1537 durae
1048 1514 1107 1521 -
1152 1489 1205 1536 H
1258 1488 1523 1551 decoquito
1584 1504 1745 1552 usque
1807 1504 1922 1537 cum

229 1562 501 1626 liquescat,
540 1561 655 1609 inde
707 1562 924 1610 farinam
968 1562 1284 1611 hordeaciam
1337 1563 1656 1625 supermittes
1709 1562 1920 1627 tamdiu,

232 1636 473 1698 quamdiu
504 1635 556 1682 in
579 1636 783 1684 modum
810 1636 968 1698 pultis
1001 1636 1216 1699 spissum
1245 1636 1450 1699 videris3
1482 1637 1595 1685 inde
1627 1652 1742 1685 cum
1772 1636 1918 1686 modo
1944 1645 1988 1678 2⁰

231 1709 451 1758 calidum
488 1708 691 1757 renibus
731 1709 1108 1772 superimponis.
1171 1711 1264 1759 hoc
1310 1710 1597 1773 frequenter
1641 1710 1919 1775 renovabis,

229 1783 557 1831 utilissimum
596 1785 672 1831 est
711 1785 762 1831 et
800 1783 959 1832 dolori
998 1786 1049 1832 et
1086 1784 1287 1832 tumori.

118 1851 214 1898 225
341 1857 470 1905 Item
523 1857 589 1904 ad
634 1857 854 1906 dolorem
903 1873 1064 1906 coxae.
1135 1857 1493 1920 synchrismate
1539 1858 1696 1906 uteris
1745 1857 1919 1906 diebus

231 1933 341 1979 octo
388 1946 567 1980 venam
612 1930 774 1992 ipsam
819 1931 1072 1979 interdum
1117 1933 1314 1980 ducens.
1383 1933 1505 1980 tunc
1559 1932 1659 1981 alio
1705 1931 1918 1980 medica-

229 2005 412 2068 mento,
445 2004 589 2052 cuius
611 2005 734 2053 haec
767 2006 842 2052 est
865 2005 1174 2070 compositio,
1205 2006 1384 2054 uteris:
1417 2006 1679 2068 euphorbii
1707 2032 1768 2038 -—
1798 2004 1915 2069 1111,
1941 2013 1984 2046 25

230 2078 348 2125 salis
404 2077 590 2126 sordidi
639 2105 700 2110 —
751 2078 878 2142 Im,
932 2079 1057 2141 picis
1110 2079 1332 2143 liquidae
1381 2080 1522 2142 scrip.
1570 2079 1695 2127 Im:
1750 2078 1917 2128 omnia

230 2151 380 2199 simul
418 2151 653 2214 decoquis
693 2153 743 2200 et
779 2152 950 2201 uteris.

349 2312 378 2351 4
416 2320 562 2363 pusca
591 2309 606 2363 ΙΙ
647 2311 674 2351 5
720 2307 942 2374 gambae]
974 2308 1120 2352 caube
1158 2310 1173 2365 ΙΙ
1213 2314 1237 2353 7
1286 2307 1450 2352 uiridis
1475 2311 1490 2365 ΙΙ
1516 2314 1569 2352 13
1593 2305 1796 2364 polentis
1819 2307 1835 2363 ss
1861 2311 1916 2350 14

231 2364 516 2431 sisimbrium
550 2367 557 2422 Ι
591 2366 796 2421 polentis
842 2367 857 2422 ΙΙ
905 2371 959 2411 17
1006 2368 1209 2423 polentis
1254 2370 1270 2425 ΙΙ
1316 2371 1370 2411 21
1420 2366 1781 2425 superimponis]
1828 2365 1914 2409 im-

228 2437 379 2540 pcqm}
377 2438 573 2539 183upe1·
617 2424 632 2480 ΙΙ
677 2429 732 2468 22
784 2424 956 2483 dolori]
1013 2426 1120 2471 dolo
1165 2430 1182 2484 ΙΙ
1225 2431 1282 2471 25
1345 2427 1430 2471 hec
1480 2431 1487 2484 Ι
1538 2425 1716 2471 euforbi
1756 2452 1808 2458 —-
1851 2422 1915 2468 ΙΙΙ
