2060 3232
129 259 241 324 lib.,
289 259 410 307 nitri
447 285 530 323 —-‚
569 258 698 307 turis
735 258 938 321 pollinis
971 285 1066 322 -,
1113 257 1317 320 panacis
1363 258 1543 307 radicis
1579 286 1667 324 —,
1706 261 1811 310 vini

130 335 249 382 sext.
283 333 348 397 Π,
388 331 484 382 0101
515 333 658 380 sext:
689 332 810 381 haec
844 331 1010 381 omnia
1040 331 1162 380 trita
1192 331 1308 382 vino
1348 333 1399 380 et
1438 333 1545 381 oleo
1584 334 1810 383 miscebis

130 409 180 455 et
218 406 370 455 dabis,

238 480 367 528 Item
405 478 506 528 alia
544 479 683 541 potio
724 478 787 528 ad
825 478 1032 527 eandem
1069 478 1362 540 passionem.
1409 478 1648 528 bacarum
1678 480 1809 528 lauri
1825 479 1919 527 301

84 569 104 602 5
126 554 226 618 lib.‚
264 553 387 603 nitri
421 578 485 588 —-
519 552 558 617 Ι,
604 552 733 601 turis
769 578 860 617 —‚
901 552 1007 600 silis
1048 552 1229 602 Gallici
1266 579 1351 618 —‚
1389 553 1697 616 petroselini.
1715 573 1808 602 —z

125 629 247 676 haec
287 626 454 676 omnia
493 629 703 676 contusa
742 629 792 676 et
830 626 1048 675 cribrata
1092 626 1208 676 vino
1257 628 1307 675 et
1354 628 1461 676 0100
1508 627 1810 689 temperabis

126 701 447 764 tepidamque
485 701 742 763 potionem
770 700 1001 750 faucibus
1040 700 1269 763 infunde3
1316 703 1367 749 et
1410 701 1699 750 unctionem
1735 701 1808 749 fa-

126 774 224 823 cies
262 774 571 823 huiusmodi:
609 775 848 823 bacarum
886 775 1019 822 lauri
1056 774 1140 822 lib.
1173 774 1245 839 Π,
1285 775 1409 837 picis
1448 774 1669 837 liquidae
1708 775 1807 840 lib.,

125 848 330 911 panacis
382 847 563 896 radicis
606 873 669 882 —-
713 848 758 911 Ι,
813 848 941 895 turis
998 848 1201 910 pollinis
1262 848 1421 912 selib.,
1475 848 1581 898 vini
1626 849 1807 897 veteris

0 948 2 951 v
59 938 103 971 ιο
126 924 245 971 sext.
278 922 351 987 Π,
396 921 493 971 0101
535 923 678 970 sext:
716 922 838 970 haec
883 921 1129 984 permixta
1168 922 1271 970 sole
1317 921 1486 984 tepido
1526 922 1806 985 perungito.

125 996 168 1044 si
199 996 325 1044 nihil
355 995 614 1060 profuerit,
647 997 802 1058 caput
832 995 1031 1045 adurito
1065 997 1115 1044 et
1144 996 1274 1058 pelle
1305 996 1479 1044 lanata
1511 998 1664 1058 caput
1695 1011 1807 1046 con-

124 1070 297 1134 tegito.

1 1312 3 1314 ,
123 1260 330 1310 ΧΧΙΠΙ.
400 1260 488 1308 Ad
527 1275 624 1309 eos
664 1260 766 1322 qui
806 1259 1157 1324 sanguinem
1195 1260 1419 1308 meiant
1458 1263 1562 1309 aut
1600 1264 1810 1309 cacant

124 1337 230 1383 aut
275 1351 379 1397 per
423 1349 599 1383 nares
651 1334 942 1383 emittunt
988 1336 1093 1382 aut
1137 1336 1384 1383 vomunt
1430 1337 1535 1382 aut
1582 1335 1630 1383 si
1677 1350 1807 1383 san·
1887 1395 1889 1397 Ι

52 1402 100 1456 15
125 1409 261 1473 guis
300 1408 522 1456 nimius
560 1424 663 1470 per
699 1423 909 1456 venam
945 1423 1291 1469 percussam
1331 1408 1549 1457 exierit
1588 1411 1650 1457 et
1682 1424 1807 1457 con-

664 1481 855 1530 tineri
892 1497 1006 1530 non
1044 1484 1259 1543 potest.

492 1583 919 1633 PELAGONIVS
965 1583 1259 1634 ARZYGIO
1310 1583 1436 1633 SVO

230 1689 539 1751 Frequenter
578 1703 747 1751 eqUOS,
787 1687 941 1736 etiam
979 1702 1094 1736 cum
1133 1687 1242 1735 sani
1280 1689 1419 1752 sunt,
1467 1687 1651 1735 nimius
1693 1702 1802 1735 san·
1821 1682 1915 1729 302

122 1762 235 1827 guis
274 1764 430 1811 nocet.
493 1762 747 1810 interdum
779 1762 911 1810 enim
943 1777 1057 1809 cum
1088 1761 1232 1823 copia
1264 1761 1523 1825 sanguinis
1555 1761 1651 1810 erit
1683 1777 1803 1824 qua-

55 1851 99 1884 20
122 1853 333 1901 cunque,
373 1835 592 1898 erumpit
630 1837 681 1884 et
717 1834 939 1898 profluit,
980 1836 1115 1897 quod
1144 1837 1204 1883 ut
1242 1852 1303 1884 ne
1337 1835 1529 1884 accidat
1566 1835 1619 1882 in
1658 1851 1803 1899 gene-

120 1926 232 1960 roso
273 1910 633 1972 custodiemus;
682 1909 995 1972 frequentius
1045 1909 1198 1957 etiam
1243 1909 1495 1957 attenuati
1542 1911 1592 1957 et
1636 1908 1804 1956 miseri

122 1984 239 2047 equi
283 1984 431 2032 urina
476 1983 681 2048 sanguis
721 1985 817 2031 est:
865 1983 949 2031 sed
993 1982 1074 2031 hic
1121 1985 1212 2031 aut
1255 1983 1410 2031 nimio
1460 1998 1668 2031 ascensu
1715 1984 1805 2030 aut

120 2059 289 2107 labore
327 2057 558 2120 ponderis
598 2059 689 2105 aut
725 2057 934 2122 itineris,
965 2056 1051 2105 ille
1085 2057 1187 2105 otio
1220 2058 1271 2105 et
1300 2056 1457 2104 nimia
1487 2055 1802 2120 pinguedine.

122 2132 256 2195 quod
295 2147 409 2180 cum
448 2131 697 2195 acciderit,
735 2131 812 2179 his
852 2131 1017 2179 curari
1049 2130 1305 2179 convenit·
1349 2130 1391 2178 si
1424 2130 1612 2178 otiosus
1645 2144 1804 2191 equus

52 2218 98 2252 25
123 2208 214 2253 aut
251 2205 454 2269 pinguis
500 2204 702 2253 urinam
759 2204 1055 2268 sanguinem
1101 2204 1295 2267 fecerit,
1343 2203 1548 2267 sanguis
1595 2203 1653 2250 de
1699 2218 1803 2250 ma-

121 2279 243 2328 trice
290 2278 623 2328 detrahendus
670 2279 746 2326 est
798 2279 849 2325 et
900 2277 1237 2340 potionandus
1288 2279 1364 2325 est
1408 2278 1538 2325 lacte
1586 2275 1803 2340 caprino,

43 2346 46 2348 ’
122 2353 313 2417 amulo,
362 2353 468 2401 ovis
513 2352 591 2399 ΙΠ
645 2353 696 2400 et
748 2351 929 2400 herbae
974 2351 1281 2400 urceolariae
1337 2366 1484 2415 suco,
1541 2352 1803 2398 attenuato

123 2429 294 2475 autem
333 2426 627 2491 sanguinem
668 2425 924 2474 detrahere
964 2424 1270 2474 contrarium
1309 2427 1396 2473 est.

244 2633 268 2672 1
300 2628 404 2686 lib.]
437 2629 492 2684 76
523 2624 575 2670 α’
610 2627 673 2671 Μ
697 2627 704 2683 Ι
739 2623 854 2670 nitri
884 2625 960 2682 —]
1000 2624 1159 2680 νίτρου
1199 2622 1500 2681 ματρονικιόυ
1539 2627 1594 2678 γὸ
1629 2617 1672 2666 c'
1705 2621 1768 2665 M
1795 2621 1800 2678 Ι

122 2686 313 2744 panacis
343 2685 516 2732 radicis
558 2685 636 2743 —]
669 2683 957 2742 ypopanacis
988 2682 1193 2727 radicem
1224 2682 1271 2726 R
1328 2679 1541 2731 πάνακος
1580 2676 1705 2737 ῥίζης
1744 2685 1801 2735 γᾶ

15 2764 35 2799 :3
123 2743 174 2790 α’
210 2746 273 2790 Μ
299 2747 314 2802 ΙΙ
343 2750 370 2790 2
402 2745 538 2803 trita]
570 2744 641 2788 ita
673 2746 689 2801 ss
728 2749 754 2790 5
785 2743 887 2800 lib.]
920 2748 975 2799 γό
1008 2738 1055 2790 ς’
1088 2741 1152 2786 Μ
1175 2743 1240 2798 116
1273 2741 1468 2786 csstunsa
1496 2741 1511 2796 Ι]
1542 2743 1567 2782 9
1600 2738 1757 2784 radice
1794 2738 1800 2796 Ι

28 2802 39 2808 ’“
122 2803 302 2861 polline
325 2805 341 2861 ΙΙ
365 2807 420 2848 10
459 2802 687 2862 permista
723 2804 740 2860 ΙΙ
779 2807 832 2848 17
865 2799 1110 2846 ARZIGIO
1142 2801 1190 2846 R
1236 2800 1415 2858 ἀρσίπῳ
1448 2798 1502 2842 H
1545 2797 1724 2854 ἀρσίπω
1761 2797 1808 2840 Ρ

31 2868 37 2922 ξ
116 2861 318 2966 Ἀοριίιγιζῳ
351 2863 413 2907 Μ
429 2863 445 2919 ΙΙ
471 2867 525 2908 18
559 2862 725 2921 equos]
759 2861 889 2919 equis
914 2861 1163 2907 Sarchiani
1185 2861 1200 2917 {l
1231 2864 1286 2904 23
1312 2856 1582 2916 pinguidine
1606 2858 1702 2913 [127
1734 2869 1804 2901 or-

127 2935 199 2967 010
222 2935 347 2967 anae
