2060 3232
828 129 1227 183 -155—

190 258 348 302 dellae.
411 258 661 303 ΜειιοεΠιιε
693 258 901 303 medicus
935 257 1101 304 scribit
1132 259 1348 315 bdellam,
1379 260 1614 328 biolellam,
1647 263 1877 316 bdellium,

186 318 422 362 bidellium
462 317 574 374 (vid.
605 317 700 361 ind.
735 317 847 362 edit.
887 317 1169 363 Helmreioh.
1202 333 1248 375 p.
1273 319 1403 375 390),
1442 319 1490 362 in
1530 319 1739 364 eiusdem
1779 323 1876 379 epi-

186 376 298 432 logo
330 376 527 421 metrico
560 374 764 421 traditur
794 391 837 420 v.
865 381 919 421 51
955 378 1171 422 bedellam
1201 379 1262 434 (p
1290 381 1375 422 383
1409 378 1481 423 ed.
1505 378 1805 437 Helmreich).

307 435 401 479 126
441 435 498 479 of.
527 440 612 479 129
646 436 695 479 et
723 440 811 480 458
854 438 903 480 et
941 450 1060 491 quae
1102 436 1212 493 περὶ
1261 435 1531 511 θλάσματος
1569 437 1790 494 leguntur
1827 441 1876 483 in

190 494 254 537 M
274 497 330 537 37
371 493 448 537 σα’
489 492 687 550 γφάψον
735 493 801 545 εἰς
845 494 927 539 τὸν
974 494 1121 552 ὄνυχα
1167 502 1249 540 τοῦ
1296 494 1556 553 πάσχοντος
1601 497 1749 547 ποδὸς
1793 505 1875 542 τοῦ

186 552 244 606 §cb
248 567 303 596 ου
333 553 385 596 τὸ
417 552 567 611 ὄνομα
598 560 680 598 τοῦ
715 551 838 598 ἰδίου
870 553 1120 610 δεσπότου,
1154 557 1203 599 et
1234 560 1290 599 37
1325 556 1397 615 σβ’
1441 554 1628 614 ’γράψον
1666 556 1757 600 ὑπὸ
1789 557 1874 613 τὴν

183 610 424 668 στεφάνην
455 619 537 657 τοῦ
571 613 689 666 ζώου
721 613 837 671 μετὰ
868 615 1144 671 μαχαιρίου·
1154 612 1297 686 ἰλὼψ
1331 613 1469 671 ἰχθυς
1499 621 1652 671 νῆσος.

306 671 396 716 127
433 673 495 716 M
515 676 567 717 91
590 670 697 747 ,χιγ’
741 669 825 717 ἐὰν
858 674 998 724 ιππος
1036 672 1096 717 τὰ
1137 670 1302 731 ἔντερα
1341 673 1543 733 ἀλγήσῃ,
1583 674 1797 730 νηστικὸς
1828 673 1875 731 γ’

185 727 253 780 εἰς
282 729 368 785 τὴν
402 730 516 786 ὄψιν
548 732 692 776 αὐτοῦ
725 730 971 789 ἐ’.μπτυσον

304 789 399 834 128
430 791 564 858 M91
599 788 968 848 χια’(01“.χιδ’.)
1023 790 1139 846 Veg.
1165 791 1208 834 V
1231 796 1303 846 56,
1331 797 1369 835 1.

309 851 405 892 aut
436 849 484 893 si
515 863 707 905 parum
741 849 1047 925 profuerit]
1080 850 1125 895 εἰ
1152 849 1205 894 δὲ
1238 850 1509 908 ἀστοχήσεις
1534 851 1605 895 Μ.
1632 851 1689 896 cf.
1716 851 1877 895 Η224

191 923 235 950 v.
268 912 296 950 4
327 905 356 962 ἢ
390 908 670 966 ἀγριοσυκῆς
702 908 854 965 φύλλα
891 908 950 953 τὰ
985 909 1222 967 ἀρκοῦντα
1258 909 1498 967 συγκόψας
1537 909 1651 967 μετὰ
1688 913 1879 967 χλιαροῦ

186 963 323 1011 δίδου
356 969 612 1023 (praecedit
641 967 799 1042 Pelag.
827 970 946 1024 137).

311 1026 406 1070 129
439 1028 503 1070 M
524 1031 581 1071 90
613 1024 687 1084 χγ’
723 1023 807 1071 ἐὰν
833 1028 977 1078 ἵππος
1002 1025 1166 1085 ἔντερα
1188 1027 1372 1103 πονήσῃ
1400 1028 1466 1084 (in
1490 1028 1643 1072 indice
1667 1028 1875 1085 capitum

188 1083 327 1143 πάθῃ
359 1102 418 1129 τα
450 1083 647 1159 ἔντερα),
683 1086 907 1161 βοήθημα
945 1086 1199 1131 δύσπιστον
1238 1087 1319 1131 καὶ
1355 1087 1627 1142 παράδοξον
1670 1088 1786 1145 πρὸς
1823 1088 1875 1132 τὸ

185 1151 398 1188 τοιοῦτον
428 1144 601 1196 πάθος.
636 1143 759 1190 εἰτὸ
801 1145 950 1203 ὄνομα
988 1153 1071 1190 τοῦ
1110 1146 1338 1191 δεσπότου
1380 1145 1536 1191 ἐπάνω
1576 1154 1658 1190 τοῦ
1698 1147 1871 1191 κύκλου

184 1209 266 1247 τοῦ
299 1204 456 1258 δεξιοῦ
490 1203 657 1262 ὄνυχος
687 1211 770 1249 τοῦ
804 1206 949 1250 ιππου
980 1203 1166 1265 γραφίῳ
1199 1202 1490 1264 ἐπιγράψεις,
1525 1203 1702 1256 ευθέως
1735 1205 1878 1261 ἰαθή-

185 1276 330 1307 σεται.
395 1277 514 1319 quae
557 1278 651 1308 non
683 1264 920 1309 sufficiunt
950 1265 1011 1309 ad
1052 1251 1310 1310 sanandam
1349 1265 1564 1310 Latinam
1603 1265 1876 1320 orationem,

185 1334 337 1377 neque
369 1323 493 1366 enim
524 1324 683 1380 placet
715 1323 977 1367 Sarohianii
1006 1325 1128 1381 quod
1152 1338 1240 1380 per
1269 1338 1314 1368 se
1352 1325 1619 1369 ostenditur.
1675 1325 1874 1368 fortasse

189 1380 280 1424 fuit
311 1383 431 1437 quod
466 1383 634 1427 Persae
672 1383 985 1439 ostenderwnt;
1025 1397 1131 1427 nam
1172 1383 1340 1428 Persae
1373 1385 1467 1427 tam
1510 1383 1694 1440 magiae
1735 1396 1877 1439 quam

188 1454 411 1496 equorum
443 1445 675 1498 potentes,
710 1444 758 1486 et
789 1441 965 1516 optime
996 1441 1183 1486 traditis
1215 1441 1388 1486 litteris
1421 1443 1709 1499 respondet..

308 1499 403 1544 130
442 1500 534 1544 131
574 1503 625 1544 Η
656 1506 739 1545 149
781 1499 826 1545 εἰ
861 1496 1112 1558 ἐπικρατὴς
1159 1498 1350 1557 γένηται
1393 1500 1417 1545 ὃ
1459 1500 1658 1557 στρόφος
1697 1501 1778 1545 καὶ
1817 1504 1877 1557 μὴ

186 1565 405 1632 προχωρῇ
437 1558 466 1614 ἡ
499 1561 666 1604 κοιλία.
722 1559 836 1604 όταν
867 1560 953 1634 τὴν
986 1560 1134 1632 ουρὰν
1164 1560 1188 1604 ὁ
1222 1561 1362 1611 ἵππος
1385 1561 1556 1617 μεταξυ
1580 1567 1674 1604 τῶν
1704 1563 1878 1604 σκελῶν

195 1613 398 1691 ἐμβάλλῃ
430 1618 511 1662 καὶ
544 1615 836 1676 ἐπικλίνηται
869 1615 946 1663 ἐπὶ
983 1618 1069 1675 τὴν
1111 1615 1279 1664 ἑαυτοῦ
1319 1617 1501 1664 κοιλίαν
1540 1623 1632 1664 κτλ
1667 1625 1715 1664 et
1753 1619 1877 1664 άλλο.

188 1675 404 1750 κρόμμυα
436 1677 635 1735 (κρόμυα
670 1679 732 1734 P)
772 1679 964 1730 λειώσας
996 1678 1032 1722 ι’
1073 1677 1102 1734 ἢ
1143 1678 1296 1722 σύκων
1335 1680 1487 1736 ξηρῶν
1527 1679 1773 1736 γράμματα
1803 1678 1877 1733 θ’,

189 1733 350 1793 νίτρου
374 1738 564 1794 γράμμα
584 1736 654 1793 ἓν,
679 1737 858 1793 κόπρου
882 1745 1156 1810 περιστερᾶς
1186 1737 1435 1795 ’γράμματα
1460 1736 1525 1793 δ’,
1542 1745 1690 1782 ταῦτα
1721 1737 1880 1782 πάντα

188 1797 326 1852 μίξας
356 1796 437 1840 καὶ
467 1801 668 1852 ποιήσας
698 1797 946 1853 κολλούρια
978 1797 1064 1842 δύο
1103 1795 1131 1852 ἢ
1171 1799 1277 1855 τρία
1319 1796 1384 1848 εἰς
1421 1797 1506 1853 τὴν
1547 1796 1690 1855 έδραν
1730 1798 1874 1841 αὐτοῦ

190 1853 374 1914 ἕ.μβαλε
436 1856 574 1901 Μ90
606 1856 699 1914 χδ’.
740 1857 830 1913 χε’.
895 1858 1008 1914 Veg.
1032 1857 1075 1901 V
1101 1861 1172 1911 56,
1198 1861 1239 1900 2.

310 1915 402 1959 132
443 1916 506 1958 Μ
524 1919 581 1959 90
621 1915 698 1972 χς’
747 1915 1011 1972 κατασκευὴ
1059 1919 1311 1974 κλυστηρος
1358 1916 1501 1972 (recte
1548 1914 1758 1959 Millerus
1802 1928 1877 1959 re-

193 1973 380 2031 stituit).
443 1974 559 2032 Veg.
588 1975 623 2017 V
652 1980 723 2031 56,
749 1980 790 2019 3.

311 2033 709 2092 clysteriabis]
753 2033 1035 2091 Pelagoniae
1079 2034 1268 2091 scripsit,
1305 2035 1359 2078 uh
1398 2035 1651 2079 cauteriare
1693 2045 1876 2089 semper

188 2106 273 2149 pro
313 2094 593 2139 cauterizare
640 2093 773 2151 (Veg,
805 2094 848 2138 II
881 2099 951 2149 17,
976 2099 1002 2138 3
1034 2107 1142 2151 pars
1175 2093 1388 2138 codicum
1426 2094 1737 2152 clysteriabis,
1769 2105 1876 2148 pars

188 2153 532 2210 clysterizabis).

311 2225 443 2255 suco
476 2211 762 2269 cantabri]
794 2211 852 2256 cf.
878 2212 938 2256 ad
963 2218 1004 2257 6.

308 2270 620 2328 ambulans]
668 2269 963 2326 ἀναπατήσει
1000 2271 1082 2315 καὶ
1119 2270 1262 2315 πάλιν
1304 2268 1470 2315 ἰκανὸν
1513 2269 1738 2328 αναπαύῃ
1782 2268 1867 2326 (sic

192 2328 360 2384 Miller,
349 2330 486 2432 Ἡῧοᾶ
506 2330 717 2386 ἀναπαῆ)
739 2331 823 2386 Μ·
853 2332 923 2375 ita
945 2335 998 2376 ut
1013 2335 1120 2388 post
1143 2332 1372 2390 clysterem
1395 2329 1644 2374 inambulet
1667 2330 1881 2386 aliquan-

191 2389 339 2433 tulum
414 2402 439 2432 e

314 2403 507 2491 caliga
552 2448 800 2506 fovebis]
849 2450 978 2492 certa
1021 2449 1186 2505 opinor
1231 2446 1522 2492 emendatio·
1569 2445 1881 2501 ἀπαντλήσεις

192 2505 280 2562 τὴν
311 2508 495 2551 κοιλίαν
528 2508 672 2552 αὐτοῦ
703 2507 844 2552 υδατι
882 2510 974 2564 θερ
949 2512 1045 2567 ρμῷ
1079 2509 1160 2562 Μ,
1199 2512 1397 2552 ventrem
1435 2521 1557 2563 aqua
1595 2507 1751 2551 calida
1775 2519 1879 2562 per·

196 2567 368 2669 fovfbis
402 2566 640 2671 VegegtslpIs.
697 2567 799 2611 dele
825 2569 1066 2612 calidandi
1090 2542 1284 2612 verbum
1308 2581 1336 2611 a
1361 2565 1615 2623 Georgesio
1639 2566 1881 2620 receptum

191 2639 243 2668 ιιι
292 2638 347 2669 ex
385 2625 487 2670 edit

313 2684 408 2729 133
432 2686 489 2730 H
499 2691 586 2730 234
602 2685 865 2743 κατασκευὴ
888 2692 1159 2743 καυστῆρος.
1206 2685 1458 2743 legendum
1475 2686 1737 2739 κλυστῆρος,
1756 2681 1880 2724 male

194 2771 394 2829 inrepsit
414 2773 537 2820 inter
561 2776 780 2821 caustica.
813 2774 862 2819 in
886 2775 933 2818 P
958 2774 1111 2832 primo
1144 2773 1370 2830 scriptum
1401 2773 1502 2815 erat
1534 2761 1878 2824 ΚΑΥΕΤΗΡΟΕ,

198 2874 319 2904 nuno
355 2875 487 2908 erasa
509 2862 699 2909 hastula
730 2863 816 2908 illa
849 2865 979 2907 extat
1013 2853 1364 2915 ΚΛΥΕΤΗΡῡίς
1398 2861 1479 2904 sed
1510 2857 1736 2903 remansit
1766 2873 1883 2901 καυ-

196 2921 432 2976 τηρίασον.
490 2923 552 2966 Μ
575 2927 632 2967 90
665 2920 753 2980 κζ’.
807 2922 1035 2979 Vegetius
1066 2922 1203 2966 betas
1235 2934 1337 2965 cum
1366 2919 1600 2976 superiore
1626 2917 1880 2962 coniunxit.
