2060 3232
857 136 919 143 —
1005 107 1258 159 174-

222 234 1031 350 ..1011ἶὲΞέξῃὲἶέἒὲωέιᾱέἶῃὲἛέᾱ
1047 235 1340 352 Ἓῖἶῗῖὧὲο
1321 250 1421 352 33⁰³}
1422 251 1479 339 ²1⁸9
1501 237 1904 353 2'52523553533

222 351 331 413 ὑείῳ
364 351 518 398 στέατι
548 353 629 398 καὶ
661 350 824 426 ῤἠτίνῃ
864 329 1164 427 τέρεβινθίνῃ
1203 354 1285 398 καὶ
1323 358 1450 413 κηρῷ
1489 354 1570 398 καὶ
1607 354 1801 413 πεπέρει
1830 372 1903 401 τε-

218 410 446 481 τριμμένῳ
478 399 870 470 ἀναμεμιγμένοις
894 408 1044 472 ἐλαίῳ.
1093 412 1194 470 Veg
1196 415 1257 457 et
1282 413 1410 469 V46,
1428 417 1456 456 4
1482 414 1775 470 singularum
1799 429 1902 472 spe-

219 473 396 517 cierum
426 485 666 516 mensuras
699 470 757 514 de
790 485 871 515 suo
904 457 1102 516 addidit.

333 529 504 575 multi
542 543 673 574 ervo
714 531 878 574 cocto
918 543 957 574 e.
983 545 1025 585 q
1053 530 1108 587 s]
1154 530 1391 600 Apsyrtus
1424 526 1573 587 ἕτεροι
1612 530 1664 575 δὲ
1705 531 1901 591 ὀρόβους

218 584 476 644 ἑψήσαντες
506 593 568 647 τῷ
598 587 738 632 υδατι
767 591 1073 632 καταντλοῦσι
1103 589 1188 644 τὴν
1219 586 1430 644 κεφαλὴν
1471 588 1553 632 καὶ
1590 589 1684 634 ἀπὸ
1717 594 1899 648 κρνθῶν

215 647 270 692 δὲ
304 648 417 692 αὐτὸ
447 634 675 692 ποιόῦσιν.
723 646 762 691 si
779 647 919 691 fidem
936 648 1159 691 habemus
1176 646 1379 691 Hierocli
1397 661 1442 703 p.
1462 650 1561 699 122,
1586 648 1896 706 Hieronymus

215 707 307 751 ista
337 706 511 762 docuit,
543 719 683 762 quem
716 704 902 771 saepius
934 706 1015 750 ille
1047 706 1398 762 commemorat,
1431 705 1487 750 cf.
1513 705 1691 763 proleg.
1715 723 1760 764 p.
1787 712 1857 753 10.

332 766 515 821 potio:
547 762 769 838 piperis
802 777 981 821 grana
1013 778 1051 808 e.
1077 779 1120 820 q.
1146 764 1202 822 s.]
1227 763 1457 820 Apsyrtus
1482 779 1526 820 p.
1556 769 1640 809 120
1665 764 1902 823 πεπέρεως

221 823 418 875 κόκκους
449 822 579 879 δέκα,
611 821 812 880 κάχρυος
842 823 893 867 τὸ
926 824 1040 878 ἰσον,
1072 824 1231 881 νίτρου
1263 822 1404 879 ὁλκὴν
1436 824 1563 880 μίαν,
1596 823 1714 869 ὀποῦ
1745 829 1901 882 Κυρη-

220 890 388 927 ναὶκοῦ
419 882 581 951 ἡλίκον
613 882 807 939 κυάμου.
870 896 953 938 pro
984 881 1186 940 κάχρυος
1223 883 1503 939 Pelagonius
1541 884 1718 928 cedriae
1755 885 1899 940 dedit,

218 943 298 986 sed
346 943 584 998 scripsisse
631 955 737 986 eum
774 947 827 987 ut
872 955 1017 997 supra
1055 942 1242 998 pondus
1290 942 1368 985 vix
1413 941 1686 986 crediderim
1728 943 1900 999 (Vege-

216 1001 308 1045 tius
346 1005 371 1054 ξ
397 1005 423 1045 8
455 1002 632 1046 cedriae
669 1001 852 1055 pondus
888 1001 1094 1054 denarii,
1137 999 1365 1058 interpres
1412 1000 1599 1057 omisit).
1660 1001 1898 1047 notandae

218 1059 580 1116 discrepantiae.
636 1059 836 1116 μέγεθος
890 1060 1012 1114 quod
1062 1060 1224 1103 auctor
1277 1060 1435 1103 noster
1481 1058 1531 1102 in
1578 1073 1659 1103 suo
1706 1062 1898 1118 Apsyrti

219 1117 432 1184 exemplo
462 1117 657 1174 invenit,
689 1131 783 1161 non
814 1116 981 1162 extat
967 1131 1018 1160 1n
1042 1117 1135 1174 Gry
1138 1118 1246 1162 naei
1270 1117 1487 1172 editione,
1511 1118 1628 1175 legit
1650 1119 1895 1176 interpres,

215 1176 298 1231 qui
327 1177 488 1220 tamen
517 1190 611 1221 non
644 1175 785 1232 ὁλκὴν
816 1176 942 1231 nitri,
974 1176 1054 1220 sed
1086 1176 1279 1233 οὐγγίαν
1309 1177 1446 1233 ponit
1470 1177 1715 1232 (mixturae
1739 1179 1898 1223 Iaserzs

217 1234 461 1292 Cyrenaici
482 1236 715 1293 globulum
739 1236 801 1280 ad
816 1235 1177 1293 maynitudinem
1191 1236 1328 1290 fabae
1344 1233 1602 1292 Vegetius).
1628 1236 1685 1280 cf.
1703 1237 1896 1281 Eichen-

215 1293 313 1337 feld
337 1295 503 1339 Annal.
536 1294 738 1339 Vindob.
764 1298 822 1337 44
845 1309 889 1350 p.
919 1299 1016 1338 147.

329 1353 450 1396 vini
483 1354 699 1411 summi]
735 1354 866 1397 οἴνου
899 1353 1103 1403 εὐώδους
1133 1352 1319 1409 Apsyrt.
1345 1366 1389 1408 p.
1412 1356 1510 1396 120.
1559 1353 1674 1409 Veg.
1700 1353 1740 1397 V
1766 1358 1838 1410 46,
1865 1359 1891 1399 8

211 1412 311 1456 vini
340 1413 500 1456 veteris
530 1417 711 1469 summi,
740 1411 853 1458 ibid.
880 1421 904 1464 §
931 1416 986 1457 10
1018 1426 1120 1457 cum
1158 1413 1251 1456 oleo
1283 1412 1451 1468 optimo
1490 1415 1532 1456 et
1570 1413 1676 1456 vino
1706 1426 1892 1459 summo.

212 1469 269 1515 cf.
295 1469 453 1527 Pelag.
481 1475 549 1515 82.
578 1476 665 1515 380
697 1473 841 1515 oleum
870 1484 1108 1526 summum,
1143 1476 1194 1514 11
1230 1471 1460 1527 liquamen
1487 1483 1722 1516 summum.

333 1530 658 1603 λιβανωτοῦ
692 1529 861 1580 ὁλκὰς
890 1535 1042 1587 τρεῖς
1073 1545 1111 1575 e.
1138 1544 1181 1585 q.
1207 1529 1261 1586 s.]
1287 1528 1467 1574 omittit
1490 1527 1732 1586 interpres,
1765 1532 1895 1590 λιβα-

218 1594 367 1631 νωτοῦ
401 1587 540 1639 ὁλκὰς
563 1594 698 1645 τρεῖς,
731 1588 840 1639 ἁλὸς
871 1588 922 1634 τὸ
963 1588 1064 1633 ἴσον
1103 1588 1348 1646 Apsyrtus.
1411 1587 1637 1644 Vegetius
1668 1594 1693 1643 ξ
1718 1594 1744 1634 9
1776 1592 1895 1635 turis

216 1647 412 1691 cribrati
450 1653 492 1692 et
529 1650 642 1694 salis
678 1650 780 1693 triti
819 1653 972 1692 ternas
1008 1650 1198 1704 unciae,
1236 1648 1317 1691 sed
1355 1646 1462 1691 vide
1501 1646 1726 1693 lectiones
1758 1650 1891 1694 codd.

213 1704 346 1749 Corb.
374 1708 422 1749 et
453 1706 606 1762 Goth„
637 1707 684 1751 in
719 1707 887 1763 quibus
918 1706 1059 1763 ὁλκὴν
1090 1707 1238 1751 latere
1271 1705 1500 1750 Gesnerus
1531 1707 1783 1764 perspexit.

329 1764 424 1808 269
472 1766 610 1810 haec
655 1765 822 1810 multi
863 1790 921 1798 —
968 1780 1064 1810 nos
1110 1768 1166 1810 et
1212 1765 1641 1810 consuetudine
1689 1767 1745 1809 et
1790 1780 1892 1810 usu

208 1823 406 1878 potius
437 1823 576 1869 haec
607 1839 646 1869 e.
741 1840 773 1869 s.
829 1841 976 1868 ταυτα
1008 1824 1092 1880 μὲν
1126 1820 1321 1874 ἐκείνοις
1353 1824 1532 1880 εἴρηται
1563 1824 1778 1881 μεγάλοις
1808 1825 1893 1869 ἀν-

209 1880 388 1937 δράσιν.
422 1881 554 1939 ἡμεῖς
585 1882 638 1927 δὲ
672 1825 972 1940 ἓχρησάμεθα
998 1883 1270 1950 βοηθήμασι
1299 1882 1480 1932 τούτοις
1510 1882 1693 1940 Apsyrt.
1719 1899 1762 1939 p.
1791 1888 1889 1928 120.

209 1940 289 1983 sed
313 1955 423 1984 num
448 1947 575 1985 recte
599 1956 689 1987 usn
709 1944 864 2001 potius
887 1941 1146 1998 scripserim
1171 1943 1266 1986 iam
1293 1941 1479 1994 dubit03
1504 1955 1592 1986 usu
1615 1943 1891 1999 scriptorum

207 1997 256 2055 (i.
284 2013 321 2044 e.
349 2000 555 2057 Apsyrti)
585 1999 898 2044 Buechelerus
931 2000 1202 2045 dubitanter
1231 2000 1488 2056 proposuit.

326 2058 541 2130 singuli
578 2058 706 2117 Vm]
750 2059 974 2115 intellege
1015 2061 1150 2117 scrip.
1206 2059 1453 2115 Apsyrtus.
1498 2057 1579 2102 καὶ
1618 2060 1777 2115 νίτρου
1809 2060 1890 2103 καὶ

207 2115 316 2167 ἁλὸς
348 2111 543 2162 ἑκάστου
579 2124 806 2176 στατῆρας
844 2117 893 2174 η’
934 2118 1153 2175 (Hierocl.
1189 2133 1234 2176 p.
1278 2120 1394 2174 122).
1426 2117 1654 2172 interpres
1694 2117 1888 2163 omittit.

328 2189 452 2219 cum
485 2177 611 2221 oleo
644 2181 700 2221 et
730 2177 861 2220 vino
893 2180 948 2221 et
977 2177 1167 2235 melle]
1201 2178 1255 2220 H
1285 2181 1369 2220 128
1401 2175 1516 2233 μετὰ
1543 2175 1702 2222 ἐλαίου
1726 2184 1889 2221 κοινοῦ

208 2233 361 2289 (scrib.
395 2234 475 2278 καὶ
507 2235 657 2289 οἰνου)
689 2236 770 2279 καὶ
801 2233 992 2293 μέλιτος.
1055 2237 1173 2293 Veg.
1198 2236 1238 2279 V
1262 2240 1335 2291 46,
1362 2240 1430 2280 10.

326 2292 423 2336 διὰ
455 2295 718 2352 βδελλίου
751 2295 1057 2353 malagma]
1092 2294 1271 2339 omittit
1300 2294 1542 2350 interpres.
1598 2294 1654 2338 cf.
1689 2294 1888 2339 Eichen-

204 2350 301 2394 feld
346 2351 376 2396 1.
411 2365 448 2394 c.
485 2366 529 2408 p.
575 2359 672 2398 147.
749 2353 942 2410 Apsyrti
987 2354 1224 2422 malagma
1275 2353 1327 2397 τὸ
1371 2352 1453 2397 διὰ
1500 2354 1712 2412 βδελλίου
1756 2355 1888 2398 extat

203 2408 343 2466 Hipp.
367 2423 412 2465 p.
438 2414 539 2455 281.
601 2412 800 2456 fortasse
833 2412 1126 2456 scribendum
1169 2413 1221 2457 in
1260 2413 1365 2469 ipsa
1403 2426 1518 2457 cura
1555 2416 1616 2470 τῷ
1658 2411 1777 2469 (cod.
1810 2427 1886 2457 ew

203 2469 342 2524 ratio)
375 2468 456 2511 διὰ
488 2470 698 2527 βδελλίου
731 2484 768 2514 e.
795 2484 839 2525 q.
866 2486 899 2515 s.

324 2540 647 2572 exercemus
682 2528 943 2602 tripode]
999 2529 1159 2573 H128
1200 2528 1355 2588 δρόμῳ
1387 2534 1449 2587 τῷ
1481 2529 1562 2572 διὰ
1597 2527 1777 2583 κάλπης
1806 2527 1888 2583 ’γύ-

205 2587 347 2641 μναζε
378 2584 481 2640 ἤτοι
513 2584 743 2644 λεγομένω
775 2585 998 2646 τριπήδῳ,
1017 2588 1241 2644 Apsyrtus
1274 2591 1359 2631 120
1390 2574 1698 2643 γυμνάζοντες
1729 2587 1884 2646 δρόμῳ

204 2648 265 2702 τῷ
312 2643 394 2688 διὰ
439 2643 638 2702 κάλπης,
684 2632 907 2702 V‘egetius
942 2651 966 2699 ξ
994 2650 1045 2689 11
1094 2650 1322 2691 exercetwr
1363 2661 1393 2690 a
1438 2659 1603 2690 sessore
1647 2632 1885 2702 trepidans

207 2704 421 2771 (emenda
445 2706 683 2762 tripedans
706 2706 788 2749 aut
811 2706 1085 2762 tripodans).
1134 2718 1276 2760 supra
1309 2708 1392 2748 196
1417 2703 1611 2748 verbum
1635 2703 1882 2747 habuimus

202 2762 244 2805 si
288 2775 427 2817 equus
467 2763 652 2816 fortiter
689 2764 999 2819 tripodaverit.
1073 2763 1130 2808 cf.
1181 2762 1314 2819 Corp.
1353 2763 1492 2819 gloss.
1518 2762 1561 2806 II
1594 2778 1637 2819 p.
1662 2767 1748 2807 459
1787 2779 1883 2819 τρι-

205 2821 380 2874 ποδίζω
414 2822 604 2878 tripedO.
651 2822 755 2867 Act.
779 2820 934 2866 Arval.
960 2824 1020 2877 (a.
1047 2823 1152 2878 218)
1186 2820 1279 2866 CIL
1306 2821 1369 2866 VI
1395 2826 1511 2866 2104
1530 2837 1572 2867 v.
1590 2827 1645 2866 32
1678 2824 1883 2879 tripoda·

201 2884 362 2924 verunt
394 2882 441 2924 et
472 2894 513 2924 v.
540 2884 597 2924 38
623 2885 730 2937 post
760 2881 1122 2937 tripodationem.
