2060 3232
835 167 1162 219 -5-.

262 303 353 352 ΙΙΙ.
392 303 600 351 Praeter
631 301 824 349 codices
855 302 1241 350 Riccardianum
1273 296 1368 368 (R)
1410 305 1461 350 et
1491 303 1840 352 Vindobonen·

153 393 259 427 sem
298 372 394 443 (B)
434 377 498 424 ad
534 374 890 423 recensendam
930 378 980 424 et
1026 376 1388 424 emendandam
1432 376 1694 439 Pelagonii
1733 393 1840 425 ora-

151 451 342 500 tionem
364 450 639 513 plurimum
662 449 885 497 conferre
907 448 1228 512 Hippiatrica
1253 449 1443 499 Graeca
1465 449 1840 499 Eichenfeldius

154 525 368 574 editores
388 523 702 572 Florentinos
721 523 960 586 exemplis
978 523 1150 572 docuit
1166 524 1454 572 luculentis.
1495 524 1556 571 de
1575 540 1673 587 quo
1692 539 1840 585 opere

154 599 362 661 eiusque
394 596 719 661 scriptoribus
742 596 1021 658 praelibare
1044 613 1208 660 pauca
1231 614 1331 646 non
1354 597 1534 645 inutile
1559 598 1726 647 visum
1750 600 1839 646 est.

266 672 518 720 Simonem
549 670 930 734 Atheniensem,
963 672 1051 735 qui
1083 673 1200 720 ante
1239 672 1583 734 Xenophontis
1614 674 1842 734 tempora

151 745 253 794 fuit
290 740 536 811 (Xenoph.
583 742 695 808 περὶ
740 743 946 808 ἱππικῆς
989 746 1008 792 Ι
1044 748 1089 793 1.
1124 747 1172 794 3.
1210 745 1282 793 XI
1315 738 1394 811 6),
1431 745 1651 806 primum
1688 745 1748 792 de
1787 760 1840 792 re

154 815 377 882 equestri
424 818 680 880 scripsisse
728 820 905 866 auctor
959 821 1036 867 est
1080 819 1275 866 Plinius
1321 821 1425 867 nat.
1471 819 1587 866 hist.
1636 820 1729 882 34,
1772 821 1838 867 76

154 893 261 941 eius
310 892 585 954 imaginem
630 907 660 939 a
714 891 969 940 Demetrio
1022 893 1266 941 statuario
1321 893 1509 941 factam
1560 892 1773 940 laudans
1787 887 1841 955 ¹).

151 967 509 1028 Epicharmum
523 965 894 1029 Syracusanum
905 966 1156 1028 pecudum
1172 966 1446 1015 medicinas
1459 966 1841 1030 diligentissime

153 1040 507 1102 conscripsisse
549 1038 830 1088 Columella
875 1042 1098 1089 testatur
1135 1040 1234 1088 VII
1268 1043 1317 1104 3,
1353 1042 1382 1089 6
1426 1033 1513 1107 (cf.
1552 1040 1577 1087 I
1620 1042 1667 1102 1,
1701 1035 1756 1104 8)
1775 1034 1841 1105 ²),

150 1115 418 1178 Magonem
442 1113 907 1177 Carthaginiensem
929 1114 982 1161 in
1012 1114 1152 1163 libris
1184 1114 1244 1162 de
1276 1114 1587 1178 agricultura
1610 1112 1842 1172 XXVIII,

154 1204 278 1251 quos
305 1187 506 1236 Cassius
530 1187 804 1250 Dionysius
828 1188 1079 1236 Vticensis
1103 1189 1258 1238 vertit
1287 1188 1430 1236 libris
1453 1189 1546 1236 XX
1571 1203 1628 1236 ac
1653 1187 1843 1236 Graeca

152 1262 330 1326 lingua
348 1262 556 1310 Sextilio
573 1262 797 1324 praetori
813 1262 966 1324 misit,
982 1262 1271 1325 Diophanes
1296 1262 1349 1309 in
1370 1263 1620 1323 epitomen
1643 1261 1842 1325 redegit

155 1330 320 1402 (Varr.
351 1352 444 1384 rer.
477 1338 601 1383 rust.
634 1335 660 1382 I
687 1338 732 1398 1,
761 1329 869 1401 10),
902 1334 1165 1399 Catonem,
1197 1336 1475 1384 Varronem
1506 1336 1750 1384 nonnulla
1781 1335 1842 1383 de

152 1410 405 1472 pecudum
434 1409 619 1457 morbis
653 1408 865 1457 edidisse
896 1411 1166 1472 praecepta
1197 1425 1443 1472 curasque
1475 1425 1576 1457 non
1607 1412 1684 1457 est
1708 1409 1843 1471 quod

152 1483 317 1531 fusius
365 1498 621 1544 exponam.
698 1485 813 1544 post
866 1481 1154 1531 Cornelium
1200 1482 1422 1545 Celsum,
1471 1484 1558 1545 qui
1602 1483 1655 1530 in
1700 1481 1843 1530 libris

152 1557 213 1604 de
247 1558 562 1620 agricultura
592 1572 698 1604 rem
727 1557 1016 1618 pecuariam
1045 1557 1250 1605 minime
1282 1556 1505 1620 neglexit
1529 1550 1745 1622 (Colum.
1769 1555 1844 1603 VI

156 1632 204 1693 5,
238 1632 292 1693 53
335 1632 417 1688 14,
454 1633 499 1679 6.
554 1630 790 1693 Pelagon.
826 1632 908 1678 22.
945 1633 1030 1678 31.
1067 1632 1184 1679 185.
1221 1632 1375 1694 287),
1408 1629 1689 1679 Columella
1721 1630 1842 1678 duo-

153 1703 246 1752 bus
291 1719 461 1752 rerum
505 1704 810 1752 rusticarum
848 1704 1012 1767 libris,
1060 1704 1131 1751 VI
1171 1707 1222 1753 et
1253 1704 1372 1764 VII,
1413 1704 1628 1752 maxime
1675 1704 1843 1766 boum,

151 1778 355 1827 brevius
403 1793 650 1840 equorum
694 1777 1010 1840 aliorumque
1054 1794 1292 1841 pecorum
1343 1778 1543 1827 morbos
1598 1793 1842 1841 curasque

152 1853 439 1914 complexus
474 1853 571 1915 est,
612 1851 793 1914 quibus
833 1867 894 1899 ex
924 1852 1286 1913 posterioribus
1318 1853 1469 1900 multi
1497 1853 1576 1900 usi
1618 1854 1751 1914 sunt,
1784 1867 1844 1899 ex

153 1925 350 1974 Latinis
390 1925 719 1988 scriptoribus
757 1925 972 1974 maxime
1011 1925 1336 1990 Pelagonius,
1375 1926 1638 1990 Vegetius,
1676 1926 1842 1973 Palla-

154 1999 280 2048 dius,
360 1999 448 2062 qui
501 2003 674 2047 autem
726 1999 786 2047 de
841 2001 950 2048 arte
1004 2000 1307 2050 veterinaria
1355 2000 1635 2062 peculiares
1687 1999 1843 2047 libros

155 2073 430 2121 scriberent
468 2073 554 2122 vix
593 2076 709 2122 ante
751 2074 1008 2122 saeculum
1047 2072 1161 2122 Chr.
1200 2074 1410 2122 tertium
1457 2074 1683 2122 extitisse
1729 2089 1843 2136 pro-

275 2200 318 2255 1)
350 2198 478 2242 Libri
510 2199 571 2242 ab
604 2212 659 2243 eo
698 2198 948 2255 compositi
985 2200 1168 2256 partem
1197 2198 1307 2257 περὶ
1337 2201 1494 2251 εἴδους
1531 2199 1613 2244 καὶ
1653 2195 1845 2256 ἐκλογῆς

155 2259 311 2302 ἵππων
328 2257 377 2300 in
394 2257 770 2314 Cantabrigiensi
794 2256 1195 2314 Hippiatricorum
1213 2258 1371 2302 codice
1388 2258 1630 2303 inventam
1652 2257 1844 2302 Darem-

153 2318 342 2374 bergius
368 2316 529 2371 edidit,
561 2316 755 2361 Notices
773 2319 821 2361 et
838 2315 1033 2360 extraits
1050 2318 1133 2361 des
1150 2331 1235 2362 ms.
1253 2317 1500 2362 medicaux
1522 2316 1687 2373 (Paris.
1708 2319 1842 2372 1853)

152 2391 198 2433 p.
227 2382 324 2422 169.
365 2375 423 2420 cf.
452 2376 510 2420 de
537 2375 723 2420 Simone
747 2376 788 2420 J.
807 2376 862 2420 G.
881 2374 1151 2420 Schneideri
1174 2379 1422 2422 comment.
1447 2376 1496 2421 in
1513 2377 1678 2434 Veget.
1696 2377 1842 2433 praef.

153 2449 199 2492 p.
244 2439 325 2489 153
370 2434 547 2479 Frider.
586 2434 724 2479 Blass
765 2434 814 2478 in
851 2434 991 2479 Libro
1030 2434 1332 2480 miscellaneo
1373 2434 1503 2480 edito
1543 2449 1572 2479 a
1616 2436 1843 2480 societate

154 2493 448 2551 philologica
478 2494 716 2538 Bonnensi
746 2493 956 2551 (Bonnae
990 2497 1124 2551 1864)
1157 2509 1203 2551 p.
1237 2500 1294 2539 49
1314 2509 1381 2551 sq.
1444 2495 1615 2550 Miller,
1648 2494 1842 2539 Notices

154 2555 204 2597 et
250 2552 443 2598 extraits
482 2553 563 2596 des
601 2568 684 2597 ms.
732 2554 789 2597 de
827 2552 876 2598 la
914 2552 1027 2598 bibl.
1065 2553 1312 2608 imperiale
1357 2553 1448 2598 vol.
1482 2553 1591 2598 XXI
1621 2559 1647 2598 2
1689 2556 1841 2609 (1865)

154 2627 201 2668 p.
229 2617 328 2657 159.
382 2611 548 2656 laudat
578 2612 812 2656 Simonem
850 2611 1091 2657 Hierocles
1130 2612 1271 2669 Hipp.
1302 2627 1348 2669 p.
1382 2617 1423 2657 3.
1458 2618 1562 2667 1733
1605 2613 1657 2656 in
1687 2612 1842 2668 capite

153 2671 264 2729 περὶ
296 2671 452 2722 εἴδους
483 2671 638 2714 ἵππων
679 2671 941 2727 ἀφορισμοί
974 2670 1049 2714 cui
1089 2670 1292 2715 auctoris
1340 2686 1511 2716 nomen
1554 2669 1844 2727 adscriptum

154 2744 247 2774 non
272 2731 357 2785 est,
382 2731 498 2774 haec
522 2744 567 2786 p.
587 2734 694 2773 261:
718 2729 827 2787 περὶ
851 2731 998 2774 ἵππου
1023 2731 1179 2781 εἴδους
1200 2733 1388 2782 πολλοῖς
1405 2729 1662 2788 γέγραπται
1677 2732 1842 2784 καλῶς,

156 2788 323 2847 ἄριστα
355 2786 408 2833 δὲ
438 2788 629 2834 πάντων
660 2791 842 2846 Σίμωνι
872 2788 954 2833 καὶ
985 2789 1260 2846 Ξενοφῶντι
1294 2787 1559 2846 Ἀθηναίοις
1597 2787 1840 2847 ἀνδράσιν.

275 2851 321 2904 2)
362 2847 420 2893 cf.
453 2848 570 2905 Eug.
605 2847 728 2892 Oder
766 2849 892 2905 apud
932 2848 1233 2893 Franciscum
1273 2849 1522 2903 Susemiffl,
1562 2847 1840 2893 Geschichte

157 2905 241 2950 der
263 2907 439 2963 griech.
462 2907 719 2952 Litteratur
749 2907 799 2951 in
830 2906 914 2951 der
934 2906 1388 2964 Alexandrinerzeit,
1421 2907 1442 2950 I
1473 2906 1677 2964 (Lipsiae
1703 2909 1838 2963 1891)

154 2980 200 3022 p.
233 2968 319 3009 487
343 2980 412 3022 sq.
