2060 3232
836 113 1240 166 -116—

201 249 424 311 impones
464 250 532 298 et
554 265 750 298 omnem
788 249 1041 313 absterget
1090 249 1323 299 alborem.
1385 250 1478 298 hoc
1517 266 1576 298 ex
1614 248 1888 340 polyphilis

203 322 454 371 Turanius
484 339 530 372 v.
563 338 600 371 c.
643 325 902 407 expertum
941 337 1046 372 esse
1084 322 1315 373 firmavit.

88 396 186 442 415
315 395 502 448 Cilium
538 397 821 445 iumentum
858 397 901 445 si
929 397 1137 462 ruperit,
1178 398 1248 447 sic
1278 397 1497 447 curabis:
1536 396 1715 446 fibulas
1748 380 1889 446 dabis

203 472 254 519 et
291 486 528 520 mannam
566 486 681 520 cum
719 487 812 522 ovo
851 471 1079 534 imponis
1144 471 1479 521 certissimum
1515 474 1603 520 est.

86 572 185 618 416
314 573 525 623 Oculare
566 573 832 636 epiphorae
871 573 1122 623 iumentis,
1179 589 1380 622 murrae
1409 549 1456 635 ὅ.
1488 575 1533 622 Χ
1571 527 1743 639 11111115,
1785 590 1889 623 cor·
1935 585 1958 620 5

199 676 349 726 codili
388 676 616 725 stercoris
651 651 698 739 f).
732 675 777 724 X
815 675 979 741 unius,
1021 676 1141 725 salis
1172 676 1507 726 hammoniaci
1545 651 1591 735 f).
1624 677 1683 741 X,
1723 676 1893 740 sepiae

200 780 322 829 ossis
370 753 415 841 ἕ).
451 795 495 844 s,
556 779 719 827 menis
774 778 935 828 Attici
995 781 1202 844 cyathos
1244 780 1317 829 11:
1371 781 1494 830 haec
1548 779 1716 829 omnia
1777 765 1893 829 ωη-

95 854 533 976 417tundggulare
574 926 638 974 ad
681 926 1010 989 lippitudines
1057 944 1314 991 equorum.
1384 944 1582 977 murrae
1630 927 1772 990 scrip.
1805 927 1894 992 VI,

204 1001 334 1051 croci
372 1016 495 1062 scrp.
528 1000 614 1064 VI,
655 1001 889 1050 corcodili
929 1002 1159 1051 stercoris
1199 1018 1314 1051 sem.
1917 1015 1960 1048 10

91 1072 188 1120 418
320 1074 530 1123 Oculare
564 1074 628 1121 ad
656 1090 961 1136 percussum.
1025 1076 1260 1125 corcodili
1291 1078 1494 1140 sterCUS,
1526 1077 1625 1124 mel
1648 1075 1892 1140 Atticum,

203 1149 476 1197 medullam
514 1147 766 1196 cervinam
805 1149 980 1212 aequis
1018 1149 1334 1212 ponderibus

91 1220 187 1267 419
317 1221 529 1271 Oculare
580 1222 644 1270 ad
698 1223 870 1271 album
916 1239 1173 1286 equorum.
1252 1223 1418 1286 sepiae
1457 1223 1679 1272 marinae
1720 1238 1773 1272 os
1815 1238 1894 1271 ra-

201 1297 306 1346 dito
362 1296 505 1358 scrip.
553 1296 627 1361 X,
682 1297 813 1346 croci
859 1297 1027 1362 scrip,
1082 1297 1418 1347 hammoniaci
1472 1297 1637 1362 scrip,
1693 1313 1891 1351 murrae

204 1370 425 1435 troglitis
469 1370 611 1432 scrip.
646 1371 712 1429 II,
752 1371 987 1420 corcodili
1027 1371 1256 1421 stercoris
1297 1371 1440 1434 scrip.
1473 1372 1536 1419 H.
1919 1383 1963 1416 15

94 1441 192 1487 420
321 1443 533 1493 Oculare
566 1444 706 1493 aliud
737 1445 800 1493 ad
832 1445 1015 1494 album.
1077 1445 1291 1495 balsami
1327 1472 1409 1510 —-,
1441 1461 1640 1494 murrae
1670 1471 1751 1510 —,
1783 1444 1896 1494 cad-

203 1517 333 1567 miae
374 1517 587 1581 Cypriae
624 1546 713 1583 —,
763 1520 894 1568 croci
929 1546 1011 1584 —,
1053 1520 1218 1583 spicae
1257 1519 1403 1568 nardi
1436 1546 1503 1554 ——‘
1538 1519 1610 1583 II,
1656 1520 1896 1582 pompho-

204 1593 335 1656 lygis
377 1617 445 1624 -——
486 1592 539 1639 II
569 1607 628 1657 s.,
682 1593 868 1655 piperis
923 1594 1026 1641 albi
1077 1621 1141 1628 —
1185 1594 1258 1660 II,
1321 1593 1485 1643 mellis
1541 1593 1702 1642 Attici
1763 1608 1896 1657 sem,

206 1666 441 1730 asparagi
477 1665 660 1715 radicis
708 1682 846 1731 sem,
886 1667 992 1716 vini
1038 1668 1221 1717 veteris
1269 1684 1392 1731 serp.
1426 1668 1499 1732 Π,
1545 1667 1652 1718 vini
1696 1667 1899 1716 Falerni

205 1756 330 1802 scrp.
368 1737 572 1804 [-]11,
611 1741 739 1789 turis
777 1741 989 1790 masculi
1028 1758 1151 1805 scrp.
1184 1743 1250 1807 II,
1290 1742 1508 1806 alcyonii
1541 1768 1609 1774 —
1635 1741 1695 1806 V,
1735 1756 1897 1805 aquae
1922 1753 1965 1786 20

203 1814 423 1863 fluvialis
460 1829 572 1862 unc.
605 1815 670 1863 II.

93 1883 190 1929 421
283 1887 497 1937 Oculare
523 1888 586 1936 ad
610 1888 877 1938 cicatrices.
925 1889 1139 1938 balsami
1168 1917 1230 1924 —
1259 1890 1324 1955 H,
1356 1889 1542 1952 piperis
1573 1889 1714 1954 longi
1741 1916 1804 1925 —-
1831 1889 1897 1953 H,

205 1977 405 2011 murrae
442 1987 504 1994 —
531 1962 596 2026 Π,
629 1963 757 2012 turis
789 1964 1001 2013 masculi
1026 1991 1095 1997 —
1120 1964 1185 2028 II,
1223 1962 1430 2026 [cummi
1455 1990 1523 1997 —
1549 1964 1615 2027 II,
1646 1963 1898 2012 medullae

205 2037 264 2086 dc
302 2035 513 2098 pedibus
550 2036 837 2103 berbecinis,
879 2038 953 2086 ari
993 2037 1198 2102 Gallici,
1235 2037 1455 2102 feniculi,
1501 2037 1665 2086 mellis
1705 2037 1897 2102 acapni,

207 2118 305 2159 ovi-1
337 2110 544 2173 cyathos
570 2111 705 2173 quod
729 2112 928 2175 ceperit.
984 2112 1037 2160 in
1062 2113 1161 2161 alio
1189 2112 1270 2161 sic.
1319 2112 1448 2160 turis
1472 2111 1684 2161 masculi
1716 2138 1774 2145 —
1803 2109 1894 2176 H,]
1921 2121 1963 2154 25

206 2184 329 2233 ossis
354 2185 520 2246 sepiae
551 2210 611 2218 —
641 2185 705 2250 Π,
732 2181 967 2252 <mellis>
998 2185 1159 2235 Attici
1186 2213 1253 2221 —
1278 2186 1343 2251 II,
1375 2186 1561 2250 piperis
1595 2185 1697 2234 albi
1729 2213 1798 2219 —-
1823 2185 1897 2233 112

205 2258 327 2306 haec
368 2258 534 2307 omnia
573 2261 795 2308 conteres
836 2263 886 2309 et
923 2262 1077 2309 utere.

95 2323 190 2371 422
321 2330 532 2380 Oculare
558 2332 622 2380 ad
643 2336 892 2382 recentem
914 2350 1219 2397 percussum.
1262 2334 1392 2384 croci
1411 2360 1478 2367 -
1497 2334 1536 2400 I,
1553 2348 1751 2382 murrae
1775 2359 1835 2366 —-
1857 2333 1897 2397 I,

329 2529 351 2568 1
385 2523 602 2581 polyfibis
642 2527 657 2582 ΙΙ
695 2529 721 2568 2
755 2524 985 2571 Turanius
1015 2540 1058 2570 v.
1093 2540 1131 2571 c.
1163 2527 1352 2582 scripsi.-
1383 2525 1599 2570 euranius
1629 2528 1691 2570 ff'c
1727 2525 1774 2569 R
1812 2525 1900 2581 (R1

207 2622 332 2664 hunc
363 2623 653 2677 exaraverat,
691 2619 813 2676 quod
843 2620 1108 2665 Politiwnus
1147 2621 1344 2666 coroeoeit
1381 2621 1451 2666 ita
1476 2607 1628 2688 1111116)
1657 2622 1664 2678 Ι
1692 2620 1895 2678 esse]
1846 2637 1898 2667 ee

214 2680 407 2726 deletum
436 2680 617 2725 videtwr
645 2693 788 2724 ‘manu
827 2679 1056 2724 Politiam
1086 2681 1101 2737 ΙΙ
1133 2684 1159 2724 3
1193 2678 1396 2724 cilicium
1428 2682 1443 2736 ΙΙ
1475 2684 1500 2724 5
1534 2679 1711 2737 epifore
1735 2679 1899 2726 iumtis

210 2751 390 2795 myrrae
425 2737 432 2796 Ι
467 2737 709 2783 corcodilli
748 2739 923 2782 stercus
962 2740 977 2795 ΙΙ
1018 2742 1042 2782 7
1083 2753 1133 2783 os
1172 2739 1188 2795 ΙΙ
1226 2744 1251 2783 9
1284 2753 1466 2795 myrrae
1508 2741 1524 2795 11
1560 2743 1615 2784 10
1657 2739 1900 2784 corcodilli

213 2799 388 2842 stercus
411 2799 427 2854 ΙΙ
453 2803 505 2842 11
532 2796 772 2843 corcodilli
793 2799 808 2855 ΙΙ
842 2801 895 2840 13
928 2796 1105 2841 marine
1143 2799 1158 2854 ΙΙ
1199 2801 1254 2841 14
1293 2811 1471 2853 myrrae
1510 2799 1525 2854 ΙΙ
1567 2802 1620 2842 15
1657 2799 1900 2844 corcodilli

213 2857 389 2900 stercus
427 2857 442 2913 ΙΙ
483 2861 536 2901 16
569 2857 708 2916 mirre²
746 2857 762 2913 ΙΙ
803 2860 855 2900 17
895 2856 1155 2913 ponfolycis
1193 2858 1209 2912 ΙΙ
1250 2861 1303 2900 19
1344 2858 1532 2914 eparagi
1569 2857 1748 2903 radices
1787 2860 1802 2916 ΙΙ
1841 2862 1899 2903 23

212 2930 363 2975 myrre
386 2916 402 2972 ΙΙ
425 2921 481 2960 26
514 2929 620 2960 ossa
642 2917 657 2973 ΙΙ
682 2921 739 2960 28
771 2916 910 2976 mirre
