2060 3232
804 111 1179 178 --81--Ὶ

255 248 337 297 Ad
368 247 673 312 suffragines,
738 247 956 295 alumine
990 249 1040 295 et
1070 247 1232 309 lipara
1264 262 1378 296 cum
1409 250 1548 298 aceto
1582 250 1684 299 acri
1716 252 1940 301 1003238

145 323 342 371 assidue
380 321 662 384 perfricato.

257 396 311 444 Si
357 411 485 458 equo
535 393 707 443 fistula
751 393 805 441 in
850 409 1031 443 corona
1077 393 1231 442 fuerit
1276 395 1419 458 nata,
1467 395 1594 444 aeris
1633 397 1723 446 flos
1771 414 1830 446 ex
1847 403 1942 450 239

146 471 285 518 aceto
327 469 429 517 acri
459 467 698 530 permisce
738 469 789 516 et
826 482 940 516 cum
987 467 1246 517 siccaverit
1290 467 1462 517 inicies
1508 469 1561 517 in
1607 468 1831 520 fistulam

100 551 123 585 5
147 545 197 591 et
250 542 495 591 calciabis.
564 543 680 604 post
732 541 941 590 tertium
988 541 1119 590 diem
1166 541 1338 606 solvis,
1387 556 1561 591 sanam
1606 542 1831 594 fistulam

144 616 379 666 invenies.

259 690 314 739 Si
352 705 511 752 equus
551 689 645 739 sibi
682 689 859 752 pedem
895 689 1067 738 rodere
1103 689 1334 753 coeperit,
1375 691 1563 739 stercus
1595 691 1830 740 caninum
1847 696 1943 756 240

147 763 233 813 sed
269 764 519 826 liquidum
549 779 664 812 cum
702 763 955 812 aerissimo
997 765 1136 812 aceto
1175 763 1439 826 permisces
1483 766 1534 812 et
1570 765 1719 827 pedes
1758 755 1860 813 in-‘

145 837 262 886 linis
302 837 512 886 assidue.
566 835 840 885 miraberis

80 920 124 953 10
256 911 522 960 Mollitiem
567 910 632 958 ad
677 910 806 959 colla
858 910 1112 958 mularum
1165 924 1349 972 sapone
1395 911 1610 976 lavabiS,
1656 915 1832 974 postea
1848 918 1942 965 241

148 1001 263 1033 cum
301 1000 435 1047 aqua
474 983 677 1033 caelesti
716 984 883 1032 oleum
923 985 1170 1046 quantum
1201 983 1389 1033 sufficit
1427 986 1478 1033 et
1510 985 1591 1035 ovi
1616 986 1836 1035 alborem

147 1058 392 1107 immisces
432 1059 483 1106 et
522 1057 688 1107 omnia
725 1057 779 1105 in
818 1073 868 1106 se
908 1057 1175 1121 diligenter
1212 1057 1376 1122 agitas
1417 1060 1467 1106 et
1506 1059 1576 1108 sic
1613 1061 1784 1109 uteris.

257 1131 338 1180 Ad
376 1132 505 1181 colla
541 1131 807 1180 mularum.
872 1131 1063 1179 astulas
1103 1131 1161 1180 de
1200 1130 1291 1181 fico
1338 1133 1525 1197 putreS,
1564 1132 1618 1181 id
1662 1136 1737 1182 est
1776 1134 1834 1182 de
1852 1139 1947 1186 242

146 1206 308 1255 medio
350 1205 566 1270 arboris,
606 1205 760 1254 siccas
812 1204 1112 1269 comburito,
1166 1205 1241 1253 ita
1286 1208 1346 1253 ut
1390 1206 1640 1268 paulatim
1686 1223 1737 1256 se
1784 1208 1837 1255 in

85 1287 127 1322 15
150 1280 258 1329 loco
297 1280 483 1328 mundo
523 1279 793 1342 insumant,
834 1281 884 1327 et
923 1295 1038 1327 cum
1076 1279 1403 1328 combusseris
1442 1281 1493 1328 et
1530 1280 1584 1328 in
1622 1280 1837 1330 cinerem

147 1353 411 1417 redegeris,
450 1353 618 1416 ipsum
658 1353 872 1401 cinerem
911 1352 1148 1415 cribrato,
1194 1355 1370 1415 postea
1407 1353 1570 1402 mittis
1609 1355 1661 1401 in
1706 1371 1836 1403 mor-

149 1427 339 1475 tarium
376 1443 491 1476 cum
526 1427 644 1476 vino
683 1426 842 1476 veteri
882 1426 978 1475 olei
1016 1426 1314 1474 tantundem
1345 1428 1396 1475 et
1426 1427 1599 1476 album
1637 1428 1696 1476 de
1730 1428 1836 1477 ovis

150 1501 345 1549 duobus
397 1503 550 1563 atque
598 1501 765 1549 omnia
816 1499 966 1548 simul
1024 1500 1309 1549 commisces
1368 1502 1420 1549 et
1470 1517 1584 1550 cum
1637 1517 1834 1551 necesse

147 1574 316 1639 fuerit,
355 1575 525 1623 uteris.
589 1574 865 1623 certissima
904 1575 980 1622 est
1018 1589 1150 1622 cura.

83 1658 127 1690 20
262 1648 315 1696 Si
368 1649 498 1697 colla
549 1649 631 1697 vel
691 1648 894 1697 dorsum
960 1648 1128 1695 mulae
1189 1647 1448 1713 ruperint,
1511 1664 1651 1697 cerae
1727 1649 1834 1714 lib.,
1853 1652 1948 1700 243

147 1722 340 1771 resinae
378 1722 535 1771 frixae
580 1748 642 1755 —
684 1722 808 1786 IHI,
850 1721 1103 1785 aeruginis
1147 1747 1210 1754 —
1253 1722 1306 1769 H
1352 1723 1459 1771 oleo
1518 1722 1737 1786 decoque
1786 1726 1836 1771 et

147 1796 320 1845 uteris.

260 1870 390 1918 Item
428 1885 490 1918 ne
529 1869 658 1919 colla
695 1871 936 1932 rumpant
973 1869 1140 1917 mulae
1180 1870 1271 1916 aut
1302 1869 1344 1918 si
1374 1869 1617 1934 ruperint,
1651 1870 1719 1919 sic
1752 1885 1834 1918 cu·
1853 1875 1948 1922 244

150 1943 306 1993 rabis:
347 1943 508 2006 adipis
546 1943 780 2006 porcinae
819 1942 1032 1992 recentis
1063 1959 1109 2005 p.
1142 1942 1207 2007 H,
1248 1943 1378 1992 aceti
1410 1943 1650 1993 sextarios
1682 1943 1734 1992 H
1773 1944 1838 1993 ad

86 2032 131 2067 25
151 2017 328 2067 tertias
367 2017 586 2080 decoque
626 2019 677 2066 et
715 2017 825 2066 cola
863 2018 914 2067 et
951 2019 1106 2065 utere.

263 2091 344 2139 Ad
397 2091 618 2140 dolorem
671 2091 887 2140 cervicis.
981 2090 1314 2139 detrahendus
1376 2092 1453 2139 est
1522 2091 1726 2155 sanguis
1788 2094 1838 2140 et
1856 2097 1948 2143 245

154 2165 328 2214 calidis
388 2164 710 2213 unctionibus
770 2165 1014 2212 utendum
1075 2165 1174 2228 est,
1226 2179 1363 2228 cera,
1419 2165 1557 2229 oleo,
1619 2165 1839 2229 axungia

152 2241 341 2304 vetere,
395 2239 550 2302 nitro,
604 2239 713 2301 pice
768 2237 984 2302 liquida,
1036 2238 1301 2302 sulphure,
1349 2238 1475 2287 baca
1519 2238 1674 2286 lauri:
1718 2239 1842 2287 haec

153 2313 270 2361 vino
325 2312 592 2376 permixta,
649 2328 791 2360 omne
846 2326 1026 2374 corpus
1079 2311 1392 2376 perfricabis,
1449 2313 1500 2360 et
1557 2311 1599 2360 si
1645 2328 1841 2361 necesse

87 2402 132 2435 30
153 2387 322 2450 fuerit,
362 2386 514 2434 etiam
550 2386 604 2432 in
655 2385 892 2433 balneum
929 2384 1136 2433 inducis.
1212 2388 1328 2447 post
1364 2385 1492 2434 hanc
1531 2401 1703 2435 curam
1756 2402 1843 2448 po-

154 2460 372 2510 tionabis
427 2460 517 2508 sic:
567 2459 808 2524 zingiber,
854 2459 1234 2523 petroselinum,
1283 2459 1534 2525 argivum,
1575 2459 1843 2525 cyminum,

279 2621 302 2660 1
338 2616 544 2660 alumine
590 2616 639 2660 et
682 2613 857 2682 lipara]
915 2612 1194 2673 στυπτηρίας
1246 2618 1421 2677 λιπαρᾷ
1469 2616 1522 2659 Η
1582 2612 1840 2671 στυπτηρία

158 2679 331 2732 λιπαρᾶ
361 2675 408 2719 Ρ
442 2677 457 2732 ΙΙ
494 2680 523 2719 4
547 2673 650 2731 agri
690 2675 698 2730 Ι
738 2672 900 2719 iniciat
943 2676 958 2732 ΙΙ
1004 2679 1030 2719 7
1078 2675 1241 2720 rodere
1288 2674 1470 2719 Sarch.:
1507 2674 1704 2732 prodere
1750 2674 1798 2718 R
1828 2673 1843 2732 ΙΙ

159 2740 185 2779 9
231 2732 466 2779 mirabiris
533 2735 550 2790 ΙΙ
619 2737 672 2776 11
721 2732 920 2778 sufficiet
980 2732 1060 2777 obi
1111 2736 1127 2791 ΙΙ
1182 2737 1236 2778 12
1298 2733 1504 2777 inmiscis
1558 2733 1575 2788 ΙΙ
1629 2737 1683 2777 16
1738 2731 1841 2776 red-

158 2792 301 2849 igeris
340 2794 357 2849 ΙΙ
385 2797 441 2836 21
483 2790 706 2848 euriginis
747 2793 755 2848 Ι
805 2793 1017 2850 decoquo
1055 2793 1071 2849 ss
1109 2797 1167 2837 24
1206 2792 1430 2837 sextarios
1460 2791 1524 2850 11]
1558 2793 1605 2835 Es
1634 2816 1694 2825 —
1720 2790 1764 2834 II
1795 2790 1843 2835 R

161 2848 322 2953 {sorge
352 2850 438 2895 δύο
470 2851 528 2896 H
531 2852 578 2896 P
594 2853 611 2908 ss
633 2855 690 2895 25
723 2851 827 2896 cola
858 2852 906 2897 et
936 2852 1124 2910 scripsi:
1155 2851 1278 2897 colet
1307 2850 1354 2896 R
1422 2851 1603 2896 coletur
1644 2850 1802 2897 Sarch.
1829 2851 1842 2909 ιζ

161 2915 218 2956 28
291 2923 343 2954 ec

250 2993 342 3034 IHM,
364 2992 603 3032 Pelagonius.
1464 2987 1489 3026 6
