2060 3232
797 151 1165 206 -25-

141 286 270 352 μήου
308 290 430 337 390.
470 302 629 349 ’.ςσμηα
666 289 768 337 391
808 288 874 353 B,
905 290 1040 350 scyni
1076 290 1181 337 395
1215 288 1264 335 B
1305 286 1483 347 (scoeni
1519 289 1605 350 R).
1670 306 1828 339 accus.

141 362 330 410 chaelon
356 362 439 410 85.
466 362 631 422 ehylon
658 363 778 410 188.
819 363 1056 422 dysarian
1086 362 1185 410 ind.
1219 377 1325 424 cap.
1352 354 1627 429 (dysuriam
1649 364 1831 413 lemma

140 451 246 497 cap.
278 427 441 502 VIII).
495 437 744 496 fyseterem
782 436 905 484 468.
958 438 1058 484 irin
1100 438 1182 485 66.
1244 436 1512 485 melotidem
1548 437 1671 486 448.
1725 439 1832 486 rho-

139 510 383 569 dodafnen
409 509 528 557 141.
588 510 830 558 sin-achem
854 508 949 568 (=
973 509 1269 571 synanchen)
1297 512 1381 559 97.
1437 511 1686 559 schiadam
1711 504 1830 578 (leg.

138 575 382 648 ischiada)
425 584 545 632 386.
604 584 940 644 spathomelem
978 585 1099 632 448.
1164 600 1261 633 acc.
1301 584 1432 647 plur.
1462 585 1723 645 parotidas
1763 587 1830 633 68

140 649 252 722 (sed
270 658 523 716 parotides
549 658 630 706 57.
656 653 764 722 64).
819 657 1136 706 heteroclita:
1166 659 1468 718 cataplasma
1491 658 1682 720 primae
1709 660 1831 708 230.

141 731 262 779 260.
298 732 419 779 261.
453 732 575 779 448.
640 731 821 779 tertiae
859 732 983 779 414.
1036 733 1284 792 malayma
1320 731 1510 795 primae
1553 734 1675 781 256.
1709 733 1832 781 320.

140 805 246 853 446
282 818 413 866 saep.
484 804 663 853 tertiae
706 807 826 854 194.
868 807 973 855 279
1017 797 1102 872 (ex
1133 798 1363 871 Colum.)
1434 807 1541 854 448
1584 798 1669 872 (cf.
1710 809 1835 854 croci

141 879 395 939 dracmam
436 880 557 942 327,
598 880 723 927 croci
760 880 992 939 draymas
1031 881 1152 928 369.
1196 872 1342 945 371).

249 951 310 999 In
348 952 701 1015 coniugatione
740 969 840 1001 non
878 969 991 1001 raro
1039 969 1099 1001 ea
1144 954 1427 1015 temporum
1466 953 1692 1002 confusio
1732 969 1833 1001 cer-

139 1025 297 1090 nitur,
351 1027 411 1073 ut
466 1026 588 1088 quid
641 1026 893 1090 scriptori,
957 1026 1080 1089 quid
1141 1027 1329 1075 scribae
1391 1026 1714 1075 tribuendum
1769 1027 1836 1075 sit

138 1115 319 1162 parum
364 1099 570 1162 liqueat.
649 1101 709 1149 cf.
750 1117 789 1149 e.
830 1117 902 1165 gr.
946 1103 1012 1149 72
1061 1103 1284 1161 infandis
1323 1139 1332 1149 .
1370 1140 1378 1149 .
1420 1106 1462 1149 et
1506 1103 1658 1150 mittis
1697 1139 1708 1150 .
1742 1140 1753 1150 .
1793 1105 1836 1150 et

119 1178 281 1240 teres,
339 1175 573 1236 adiumyes
625 1212 638 1224 .
679 1213 690 1224 .
746 1178 790 1223 et
843 1176 980 1238 teris;
1045 1177 1074 1223 7
1084 1177 1114 1224 3
1161 1176 1391 1235 infundes
1436 1209 1449 1223 .
1489 1213 1499 1223 .
1548 1178 1592 1223 et
1639 1175 1834 1239 deteri33

142 1249 211 1297 74
249 1248 473 1309 infandis
513 1286 523 1297 .
557 1284 568 1295 .
608 1252 652 1296 et
688 1250 757 1297 sic
802 1252 945 1311 teres;
999 1251 1027 1297 7
1036 1249 1065 1298 5
1108 1250 1273 1297 tundis
1301 1284 1315 1298 .
1349 1286 1361 1299 .
1393 1252 1438 1297 et
1474 1250 1745 1298 commisces
1776 1287 1787 1298 .
1821 1286 1831 1298 .

140 1325 184 1371 et
220 1323 411 1378 twndes,
457 1322 629 1371 tundes
660 1360 671 1372 .
702 1358 715 1371 .
748 1326 791 1371 et
827 1325 973 1385 facis;
1028 1325 1092 1371 76
1134 1323 1359 1383 decoqaes
1392 1361 1401 1371 .
1434 1358 1445 1370 .
1480 1326 1522 1370 et
1560 1324 1834 1371 commisces

141 1399 185 1444 et
211 1397 387 1444 iterum
417 1397 580 1444 tundis
611 1400 655 1444 et
682 1398 830 1456 facis:
862 1396 988 1444 talia
1020 1396 1248 1445 ducenta.
1314 1412 1442 1459 quae
1476 1411 1591 1444 cum
1621 1395 1696 1444 ita
1720 1396 1834 1459 sint,

137 1469 326 1532 ubique
365 1470 467 1519 fere
499 1470 680 1520 codicis
711 1470 948 1519 lectiones
989 1470 1195 1520 servavi.
1265 1485 1426 1532 neque
1463 1469 1631 1517 minus
1670 1469 1724 1516 in
1762 1471 1829 1517 41

142 1543 329 1591 retinui
367 1546 652 1605 sanquinem
691 1545 917 1593 detrahas
956 1549 998 1592 et
1026 1546 1254 1605 potionas
1291 1546 1380 1608 sic,
1429 1543 1658 1606 quamvis
1697 1543 1836 1591 facili

138 1617 418 1666 mutatione
458 1617 607 1666 scribi
643 1618 803 1680 possit
831 1620 1037 1679 potiona
1073 1618 1154 1667 vel
1183 1619 1416 1682 potiones,
1457 1619 1508 1665 et
1547 1632 1676 1679 quae
1716 1620 1837 1665 sunt

142 1691 338 1740 similia.

252 1765 327 1814 De
366 1765 532 1814 dubiis
570 1765 743 1815 formis
783 1767 1055 1830 aerissimO,
1087 1767 1264 1827 populi
1302 1767 1402 1814 albi
1441 1765 1654 1828 aliisque
1693 1767 1835 1814 nota-

138 1839 403 1888 bilioribus
443 1840 735 1889 consulendi
773 1842 892 1888 sunt
929 1839 1138 1904 indiceS,
1178 1856 1394 1902 quorum
1430 1839 1624 1902 primus
1663 1841 1738 1887 est
1777 1839 1836 1886 de

142 1913 427 1962 nominibus
466 1914 702 1978 propriis,
751 1914 997 1963 secundus
1043 1914 1102 1962 de
1149 1914 1297 1963 rebus
1336 1913 1696 1976 vocabulisque
1734 1929 1834 1960 me—

139 1987 487 2052 morabilibuS,
535 1988 715 2037 tertius
762 1988 820 2036 de
867 1987 1169 2051 ponderibus
1218 1990 1268 2036 et
1305 1988 1572 2052 mensuris,
1625 1989 1836 2049 quartus

144 2062 203 2110 de
259 2061 460 2110 Graecis
514 2061 772 2111 vocabulis
835 2078 894 2111 ex
954 2061 1249 2126 fragmentis
1310 2062 1524 2110 maxime
1579 2059 1836 2123 excerptis,

143 2135 351 2198 quintus
399 2136 458 2184 de
504 2135 566 2184 iis
615 2152 743 2199 quae
790 2136 843 2183 in
880 2136 1245 2200 prolegomenis
1292 2137 1344 2184 et
1388 2135 1441 2183 in
1481 2134 1836 2184 commentario

139 2211 438 2259 tractantur.
