2060 3232
140 242 236 288 169
370 240 501 288 Item
539 239 603 287 ad
641 239 840 287 clavum
878 239 937 287 de
982 239 1228 288 mercurio
1273 240 1355 288 vel
1400 240 1459 288 de
1506 240 1664 290 dorso.
1726 241 1942 289 farinam

258 313 575 363 hordeaciam
621 329 735 361 cum
780 312 915 361 foliis
963 312 1294 362 coliculorum·
1348 314 1613 362 contundis
1667 314 1816 363 simul
1861 315 1942 364 vel

258 388 379 436 teris
418 390 470 435 et
505 387 733 449 imponis.

139 462 235 509 170
367 461 497 509 Item
528 461 592 508 ad
622 460 903 509 cicatricem
932 461 1013 508 vel
1042 462 1104 508 ut
1132 460 1294 522 pilum
1325 461 1496 509 ducat:
1535 461 1695 526 fuligo
1729 478 1787 509 ex
1818 476 1942 510 aeno

255 535 504 584 infriatur.
1987 545 2009 578 5

137 610 232 656 171
369 609 498 656 Item
537 607 579 656 si
626 607 828 655 dorsum
873 608 1068 655 motum
1113 606 1229 670 erit,
1275 608 1531 669 polentam
1577 608 1685 657 oleo
1733 611 1783 656 et
1825 608 1943 656 vino

258 682 573 746 conspergito
607 682 657 728 et
682 680 928 744 obligat03
961 682 1012 728 et
1036 680 1079 728 si
1100 680 1273 742 pulmo
1304 681 1470 730 factus
1501 681 1611 746 erit,
1643 681 1946 730 decussatim

258 758 422 805 secato
474 757 764 816 stercusque
819 753 1060 816 equinum
1113 770 1228 803 cum
1281 755 1390 804 oleo
1445 757 1496 803 et
1549 757 1689 804 aceto
1745 757 1796 803 et
1842 755 1944 803 sale

257 831 385 879 frixo
426 829 636 878 crudum
673 827 930 890 imponito.
995 828 1196 876 curasti.

138 904 234 950 172
371 903 425 952 Si
457 918 585 965 equo
628 902 772 964 spina
818 901 1057 965 doluerit,
1105 902 1401 966 sanguinem
1446 903 1505 950 de
1550 902 1822 951 femoribus
1861 902 1942 950 de·
1969 914 2012 947 10

256 978 400 1026 trahe
447 979 498 1025 et
541 976 862 1025 unctionibus
917 975 1091 1024 calidis
1136 978 1300 1039 utere;
1354 978 1530 1038 postea
1574 977 1750 1025 bacam
1795 976 1942 1039 lauri,

257 1051 483 1114 sulphur,
522 1050 701 1113 oleum,
742 1049 1025 1114 axungiam,
1056 1049 1260 1114 nitrum,
1291 1050 1507 1099 cedriam
1535 1050 1652 1099 vino
1683 1050 1947 1112 permisces

258 1127 309 1173 et
348 1124 417 1172 sic
458 1140 600 1172 omne
640 1139 819 1185 corpus
860 1126 950 1171 aut
994 1124 1048 1170 in
1094 1123 1256 1172 calido
1302 1125 1411 1173 loco
1459 1127 1549 1172 aut
1594 1124 1647 1171 in
1696 1125 1798 1172 sole
1836 1139 1946 1186 per-

255 1198 394 1246 frica.
1333 1221 1336 1223 Α

139 1265 236 1311 173
371 1271 500 1318 Item
539 1271 834 1338 aid-laesum
872 1270 1076 1319 dorsum
1111 1271 1193 1319 vel
1229 1271 1359 1333 pilos
1389 1271 1685 1335 recitandOS,
1723 1270 2014 1333 Apsyrti.15

259 1345 493 1394 corticem
523 1344 631 1406 pini
662 1344 919 1393 combures
952 1346 1003 1392 et
1032 1347 1162 1393 teres
1195 1346 1246 1393 et
1267 1344 1392 1393 facis
1415 1345 1672 1407 pulverem
1695 1346 1747 1393 et
1774 1344 1945 1393 uteris,

141 1412 237 1459 174
371 1419 502 1466 Item
540 1418 691 1466 aliud.
754 1420 910 1466 testas
943 1420 1221 1467 ostreorum
1258 1419 1379 1468 teris
1426 1420 1478 1467 et
1521 1419 1779 1481 pulverem
1823 1418 1947 1467 facis

260 1495 311 1541 et
347 1492 520 1555 uteris,
561 1494 652 1540 aut
689 1491 923 1541 corticem
963 1492 1134 1554 querci
1171 1494 1275 1541 tere
1315 1494 1366 1540 et
1402 1493 1661 1555 pulverem
1698 1492 1834 1540 facis.

143 1560 238 1606 175
360 1566 501 1614 Item
540 1565 581 1614 si
619 1566 743 1615 velis
783 1565 955 1614 album
999 1566 1162 1628 pilum
1205 1566 1495 1631 nigrescere.
1559 1565 1829 1615 atramenti
1867 1581 1947 1614 su-

262 1640 382 1688 torii
429 1639 648 1702 scripula
686 1639 784 1703 IH,
838 1640 1216 1702 rhododaphnes
1263 1640 1371 1689 suci
1423 1640 1643 1703 scripula
1690 1642 1945 1704 quattuor,
1972 1651 2016 1684 20

259 1714 364 1762 sevi
402 1713 594 1776 caprini
633 1714 767 1776 quod
814 1712 1022 1761 sufficit:
1069 1714 1236 1762 omnia
1281 1714 1463 1762 deteris
1510 1716 1561 1762 et
1604 1714 1774 1762 uteris.

141 1781 237 1827 176
370 1787 500 1835 Item
538 1787 581 1834 si
618 1787 760 1834 nulla
797 1787 1123 1850 praecedente
1162 1803 1314 1836 causa
1351 1787 1445 1849 pili
1476 1787 1754 1837 ceciderint.
1812 1787 1948 1849 spica

260 1861 425 1924 nardi,
471 1877 573 1910 uva
618 1876 766 1923 passa
814 1861 964 1909 simul
1009 1861 1062 1908 in
1107 1864 1247 1910 aceto
1294 1863 1446 1909 tunsa
1492 1864 1543 1910 et
1589 1861 1806 1909 cribrata
1851 1861 1947 1909 fer-

259 1937 481 1998 vescunt,
521 1938 674 1997 atque
711 1935 786 1982 ita
825 1935 1043 1983 calidum
1081 1935 1277 1997 corpori
1314 1935 1488 1999 glabro
1526 1934 1815 1997 imponitur.

141 2001 234 2048 177
371 2008 547 2057 Pulvis
586 2008 651 2056 ad
688 2009 891 2057 dorsum
926 2011 1147 2071 ruptum.
1216 2008 1412 2071 lepidae
1445 2035 1536 2074 ——,
1577 2008 1829 2072 aeruginis
1865 2034 1946 2072 —,
1969 2018 2012 2051 25

261 2082 529 2130 atramenti
567 2082 794 2131 sutoricii
824 2078 991 2146 <->;
1024 2082 1190 2131 omnia
1222 2083 1373 2131 simul
1402 2083 1577 2131 misces
1609 2084 1661 2131 et
1689 2083 1948 2144 pulverem

262 2155 407 2218 facis3
446 2156 586 2218 prius
624 2158 794 2204 tamen
833 2157 1035 2205 dorsum
1074 2157 1191 2219 equi
1234 2157 1352 2206 vino
1392 2157 1532 2206 lavas
1579 2158 1631 2205 et
1675 2155 1744 2204 sic
1789 2155 1947 2204 uteris

263 2230 481 2291 pulvere.

144 2304 240 2349 178
374 2303 503 2351 Item
541 2303 586 2351 si
623 2319 752 2367 equo
792 2304 961 2352 album
993 2303 1155 2366 pilum
1184 2305 1347 2353 facere
1377 2304 1608 2354 volueris.
1671 2303 1947 2352 cucumeris

263 2377 481 2425 silvatici
510 2377 728 2427 radicem
776 2395 823 2440 p.
848 2379 895 2425 X
916 2378 955 2442 I,
994 2378 1116 2425 nitri
1147 2393 1270 2440 scrp.
1303 2378 1421 2442 XII,
1460 2378 1623 2427 mellis
1660 2378 1787 2426 hem.
1826 2378 1948 2426 haec
1972 2388 2015 2420 30

265 2451 430 2499 omnia
468 2451 618 2500 misce
658 2454 710 2500 et
745 2454 901 2500 utere.

384 2641 411 2680 3
436 2635 623 2693 inponis
648 2637 664 2693 ΙΙ
689 2642 715 2680 6
738 2635 984 2693 pulen‘tam
1006 2638 1023 2694 ΙΙ
1047 2641 1070 2680 7
1097 2634 1381 2680 descusatim
1403 2636 1420 2691 ΙΙ
1443 2640 1469 2679 9
1493 2634 1706 2691 inponito
1730 2638 1744 2692 ΙΙ
1771 2639 1824 2679 10
1843 2649 1946 2678 san-

267 2695 408 2749 guine
431 2696 447 2751 ΙΙ
474 2701 522 2739 11
553 2695 734 2739 callidis
758 2696 773 2752 ΙΙ
799 2700 853 2738 13
887 2695 1058 2739 callido
1081 2697 1097 2751 ΙΙ
1124 2700 1177 2738 15
1208 2695 1356 2738 lesum
1384 2693 1391 2752 Ι
1418 2693 1610 2750 Absyrti
1632 2696 1647 2750 [Ι
1671 2698 1728 2737 20
1754 2694 1866 2738 80111
1880 2694 1948 2737 III

265 2754 312 2797 R
369 2752 471 2810 γρά.
507 2753 558 2797 α’
591 2755 651 2799 H
657 2754 704 2797 P
741 2757 748 2808 Ι
789 2753 1037 2798 rododafni
1076 2758 1188 2798 sucfi
1223 2755 1239 2811 ΙΙ
1275 2758 1332 2797 22
1374 2754 1652 2809 precedente
1690 2754 1788 2808 1124
1819 2753 1949 2798 calli-

274 2811 386 2856 dum
411 2815 418 2869 Ι
446 2814 686 2869 inponitur
708 2814 724 2870 ss
747 2817 804 2856 25
837 2811 1042 2870 eruginis
1074 2814 1089 2870 ΙΙ
1130 2818 1186 2857 26
1220 2812 1471 2857 atromenti
1503 2811 1695 2856 sutorici
1718 2814 1733 2868 ΙΙ
1757 2816 1812 2855 27
1845 2813 1949 2856 dor-

269 2915 369 2945 sum
403 2900 528 2958 equi]
563 2901 702 2945 dorsfi
735 2916 767 2957 q
