2060 3232
878 114 1362 197 4196--

277 313 280 316 .
356 273 510 320 oculi
540 273 633 319 vel
664 274 977 344 oculorum]
1013 273 1289 348 alterutrum
1321 274 1506 319 sufficit.
1549 274 1606 319 ef.
1632 274 1750 320 Mus.
1776 275 1925 323 Rhen.
1957 289 1963 293 ·

236 339 294 378 46
319 349 363 392 p.
390 337 489 378 375.

357 395 412 437 et
456 405 558 449 per
602 405 767 436 nares
813 391 1036 436 inserta
1076 390 1280 447 fistula
1318 405 1357 437 e.
1393 407 1435 447 q.
1469 391 1527 450 8.]
1567 406 1656 437 om.
1689 389 1754 438 H.
1803 395 1928 450 quod

247 452 473 496 traditum
505 452 578 494 est
608 452 813 495 inserata
841 464 900 494 ne
930 450 1174 507 vulgarem
1205 442 1392 506 quidem
1421 451 1620 495 formam
1650 447 1929 509 putaverim,

159 563 162 566 ,
243 509 334 555 etsi
372 510 639 566 Ducangius
680 512 733 566 (s.
759 525 803 554 v
835 510 1053 565 ins-erare)
1097 521 1154 560 ex
1192 509 1418 564 glossario
1457 510 1668 556 Provinc.
1694 511 1799 556 Lat.
1825 511 1949 557 cod..

239 568 381 625 Regii
406 572 518 614 7657
552 568 784 641 producat
815 573 1019 612 encertar
1050 567 1202 621 Ρνου.,
1234 568 1429 612 inserere
1458 569 1674 613 inserare.

335 626 456 672 444
488 627 543 672 Η
569 631 628 670 44
660 625 769 670 ἄλλο
801 624 938 684 (sig)
967 625 1180 682 λεύκωμα
1211 625 1397 683 νεαρόν.
1461 627 1525 670 M
1553 632 1609 672 66
1640 627 1749 672 υιε’.

361 701 480 730 cum
528 685 652 730 ovis
696 689 753 729 et
789 686 924 729 lana
968 683 1332 757 mollissima]
1371 685 1600 741 interpres
1641 685 1775 766 addit
1811 687 1938 732 mel·

242 745 355 803 μετὰ
388 743 573 802 μέλιτος
596 737 677 788 καὶ
709 744 802 788 ὠοῦ
834 742 915 787 καὶ
948 738 1074 800 ἐρίου
1108 742 1304 788 ἁπαλοῦ.

292 819 296 823 ’
359 804 454 849 445
498 804 559 878 Η
587 808 642 847 50
702 803 818 859 πρὸς
862 801 945 852 τὰς
993 798 1043 846 ἐν
1077 801 1343 859 ὀφθαλμοῖς
1390 802 1654 859 φλεγμονοὲς
1700 803 1788 860 (ita
1817 805 1931 862 PM,

242 859 574 919 0111.Η),ἔὰν
593 858 817 918 ἐξαίφνης
841 861 1087 935 ὀφθαλμὸς
1112 863 1387 920 φλεγμαίνῃ,
1420 861 1622 936 σπόγγον
1648 862 1743 916 ὄξει
1769 840 1934 922 βρέξας

241 938 300 967 πε
304 923 436 980 ρίθες
466 927 528 979 τῷ
560 921 792 980 ὀφθαλμῷ
815 920 905 964 καὶ
937 916 1130 977 ἔπιδέσμ
1133 936 1187 965 ει.
1251 922 1314 964 Μ
1338 923 1398 965 68
1429 920 1553 977 υκγ’.

362 982 471 1039 Cap.
495 967 660 1026 XXXI.
722 966 817 1025 446
848 980 906 1024 Η
932 983 1018 1023 286
1051 978 1163 1036 ἄλλη
1198 978 1325 1036 (ἄλλο
1360 981 1422 1037 Ρ)
1454 980 1714 1036 κατασκευὴ
1756 980 1931 1038 μαλάγ-
2004 950 2008 954 ἡ

176 1086 180 1088 ‚
245 1057 399 1097 ματος.
447 1046 593 1097 κηροῦ
624 1047 678 1095 γό
707 1036 787 1097 ἐξ
791 1041 883 1082 κτλ.
949 1039 1010 1081 M
1042 1043 1126 1101 114
1158 1038 1283 1092 ωνζ’.
1337 1040 1587 1083 olei—II
1616 1052 1769 1084 errore
1801 1055 1929 1097 repe-

147 1121 157 1130 ·
233 1098 385 1167 ‘titum
418 1101 507 1152 est3
541 1099 590 1142 in
622 1098 681 1142 H
706 1111 800 1141 non
833 1099 974 1140 extat

363 1157 455 1201 447
491 1157 549 1207 Η
575 1161 662 1201 286
695 1156 818 1200 ἄλλο.
874 1154 1120 1214 χαλβάνης,
1153 1154 1346 1214 λιβάνου
1374 1156 1591 1229 ἀλεύρου,
1624 1160 1792 1213 μυελοῦ
1827 1153 1931 1201 ἕλα-

248 1218 400 1273 φείου,
433 1215 677 1271 λευκοΐων,
719 1211 907 1288 ρητίνης
936 1216 1262 1290 τερεβινθίνης
1300 1213 1394 1259 ἀνὰ
1425 1215 1585 1272 λίτραν
1623 1215 1715 1271 αρ’,
1747 1215 1934 1267 στέατος

250 1277 484 1330 ταυρείου,
509 1274 662 1329 ὀπίου,
679 1274 820 1330 ἴρεως
845 1272 1134 1331 Ἰλλυρικῆς’
1110 1273 1204 1336 ανὰ
1220 1274 1380 1331 λίτραν
1405 1273 1454 1317 α’
1459 1274 1848 1348 ,ἀριστολοχείας
1878 1284 1935 1332 γό

244 1335 296 1378 τὸ
329 1334 386 1379 c'.
450 1334 514 1379 M
540 1334 626 1378 114
658 1332 791 1389 ωνηᾍ

367 1394 461 1437 iam
508 1392 681 1437 lacuna
720 1391 969 1436 statuenda
1017 1392 1100 1437 est.
1165 1376 1282 1448 quae
1330 1399 1548 1436 secuntur
1593 1392 1642 1436 in
1680 1391 1821 1449 Hipp
1839 1396 1932 1438 287

245 1453 582 1510 malagmatum
630 1451 991 1508 compositiones
1045 1451 1242 1495 fortasse
1305 1465 1360 1495 ex
1407 1451 1663 1509 Pelagonio
1719 1452 1970 1508 sumptae·

247 1512 367 1556 sunt

250 1631 386 1687 patet
415 1643 472 1674 ex
505 1628 651 1685 signis
685 1627 889 1672 eiusdem
920 1627 1074 1672 morbi
1105 1640 1135 1671 a
1171 1626 1371 1684 Vegetio
1396 1627 1417 1671 I
1443 1633 1467 1673 7
1500 1629 1548 1672 et
1581 1632 1636 1672 14
1675 1627 1934 1684 descriptis,

248 1689 305 1733 cf.
336 1687 402 1732 IV
427 1690 476 1743 3,
506 1693 532 1732 3
564 1692 628 1731 est
665 1688 989 1742 farciminosus
1026 1687 1233 1744 quotiens
1254 1700 1351 1742 per
1388 1691 1532 1731 totum
1570 1700 1736 1744 corpus
1775 1688 1933 1732 bubus.

247 1748 486 1795 tubercula
523 1752 712 1802 exeunt,
750 1747 967 1802 aperiunt
1004 1759 1049 1790 se
1091 1750 1132 1790 et
1170 1747 1303 1803 quasi
1340 1751 1571 1791 sanantur
1611 1751 1652 1790 et
1688 1746 1854 1790 iterum
1883 1747 1936 1790 in

250 1807 357 1851 aliis
389 1807 499 1851 locis
537 1811 715 1850 exeunt
749 1803 934 1861 Apsyrt.
967 1804 1108 1861 Hipp.
1135 1809 1221 1853 229
1252 1820 1339 1861 περ
1315 1805 1574 1862 ριττώματα
1598 1804 1651 1849 δὲ
1682 1803 1881 1878 λέγεταις
1910 1801 1934 1848 ὃ

209 1877 212 1880 ⁴
243 1863 487 1922 Ρωμαϊστὶ
525 1865 717 1908 καλοῦσι
749 1865 1017 1920 φαλκίνηνα
1048 1861 1326 1921 (φαλκίνινα
1352 1864 1428 1920 Ρ).
1469 1862 1557 1907 εἰσὶ
1588 1862 1640 1908 δὲ
1675 1859 1881 1965 ἐκβολαὶ
1887 1858 1939 1906 ἔν

249 1929 312 1982 τῷ
344 1924 522 1995 σώματι
551 1923 710 1980 ὅμοιαι
734 1921 910 1976 δοθήσι
932 1924 1040 1979 (leg.
1075 1924 1286 1996 onoma)
1319 1921 1400 1966 καὶ
1431 1923 1636 1979 μείζονες
1658 1938 1720 1966 κα
1762 1928 1939 1966 πυοῦν-

251 1999 330 2026 ται
375 1982 456 2026 καὶ
497 1980 683 2039 ἕκρηξιν
730 1981 1048 2049 λαμβάνουσιν
1091 1980 1359 2037 αὐτόματοι.
1422 1981 1661 2038 malagma
1699 1982 1823 2036 quod
1867 1994 1940 2025 se-

253 2041 412 2097 quitur
442 2042 670 2098 interpres
703 2040 848 2097 capiti
879 2041 936 2085 de
960 2040 1272 2096 elephantiasi
1296 2039 1503 2096 inseruit,
1531 2040 1594 2085 de
1621 2039 1755 2084 cuius
1787 2039 1939 2084 morbi

2026 624 2054 658 εἶτ

2026 669 2053 695 *a

367 1569 463 1615 448
517 1570 834 1626 fragmentum
865 1570 938 1613 est
991 1567 1162 1624 capitis
1210 1567 1383 1613 XXXV
1421 1569 1478 1612 de
1518 1568 1842 1625 fareiminoso,
1883 1570 1936 1613 ut

254 2099 495 2145 curatione
527 2098 758 2157 Apsyrtus
791 2098 930 2156 Hipp.
956 2104 1012 2143 21
1047 2099 1277 2163 desperat.
1327 2099 1479 2143 eidem
1513 2098 1656 2156 capiti
1686 2098 1939 2167 tribuenda
1997 2107 2005 2115 ·
2036 2115 2044 2123 ·

245 2160 362 2221 ⁴sunt
391 2163 492 2203 451
518 2163 619 2204 452.
646 2163 745 2203 507.

372 2221 606 2274 †caetas
639 2220 773 2262 tune
806 2219 864 2261 et
903 2217 1059 2261 oculi
1099 2216 1529 2273 ingravescunt]
1571 2217 1747 2261 certam
1786 2216 1941 2261 mede-

255 2276 351 2321 lam
380 2291 475 2322 non
506 2276 706 2334 repperi.
769 2276 968 2331 cogitari
999 2278 1206 2334 possunt.
1228 2280 1366 2333 caput
1405 2275 1577 2333 (01133.
1605 2280 1689 2320 140
1721 2280 1860 2339 caput
1890 2275 1944 2320 in

255 2340 425 2381 terram
455 2336 709 2390 demissum,
740 2339 812 2380 48
839 2340 894 2380 82
927 2336 1095 2392 capitis
1130 2336 1342 2393 yravedo)
1356 2369 1372 2392 ,
1409 2335 1562 2379 cervix
1600 2335 1675 2391 (ef.
1701 2339 1757 2379 4⁷7
1790 2335 1944 2379 cervioe
1976 2334 1978 2336 ’

257 2396 319 2439 ad
349 2399 519 2439 terram
558 2395 778 2450 demissa,
816 2399 874 2438 34
912 2395 1063 2439 cervix
1101 2396 1315 2451 yravata)
1357 2392 1452 2438 alia
1512 2394 1588 2450 (cf.
1615 2394 1729 2450 Veg.
1755 2393 1777 2435 Ι
1801 2398 1845 2448 9,
1867 2394 1945 2461 53.)

259 2466 370 2498 sane
403 2452 580 2497 arridet
611 2453 737 2509 quod
776 2453 1087 2498 Buechelerus
1126 2452 1371 2510 proposuit
1406 2453 1607 2511 fistulam
1645 2448 1784 2507 faciet
1813 2452 1946 2505 cutis,

258 2517 412 2557 tunc.
447 2547 457 2557 .
493 2511 611 2569 ,.(cf
611 2468 794 2556 qcelsus
818 2511 883 2556 VI
905 2515 933 2554 4
965 2512 1022 2555 de
1052 2511 1233 2555 fistulis
1252 2505 1599 2566 110111111ιι111).θ

376 2570 573 2637 priora
603 2569 895 2626 persequi3
929 2570 1096 2628 quae]
1140 2569 1239 2614 scil.
1264 2571 1424 2626 passio
1456 2571 1532 2626 (=
1564 2569 1603 2612 si
1635 2582 1729 2625 qua
1757 2569 1945 2625 passio).

202 2662 211 2669 .
264 2628 534 2674 concinnius
580 2631 740 2674 autem
786 2628 971 2673 videtur
1017 2630 1185 2685 priora
1223 2629 1438 2686 persequi
1490 2642 1625 2685 quam
1664 2628 1947 2684 posteriora3

260 2687 338 2747 <si
354 2688 649 2748 posteriora>
681 2689 891 2742 tenuerit,
921 2688 1018 2732 sine
1047 2701 1125 2744 spe
1156 2691 1232 2732 est.

378 2746 472 2791 449
505 2747 562 2791 Η
573 2752 629 2791 23
649 2746 867 2804 μαλαγμα
883 2746 999 2803 πρὸς
1022 2746 1072 2790 τὸ
1091 2746 1203 2790 αὐτὸ
1223 2745 1394 2796 παθος.
1427 2746 1589 2790 συκίου
1610 2747 1802 2820 (Λυκίου
1823 2719 1943 2819 MP)

261 2806 403 2861 ξηροῦ
436 2807 592 2862 λίτρας
617 2805 664 2850 δ’
669 2807 909 2862 ,κηκῖδος
934 2806 1269 2862 κυπαρισσίνης
1301 2806 1456 2861 λίτρας
1488 2803 1725 2861 τέσσαρας,
1759 2801 1947 2860 ρητίνης

263 2870 469 2937 φρυκτῆς
508 2867 692 2921 λίτραν
709 2865 777 2920 α’,
818 2865 1051 2921 ἀψινθίου
1094 2863 1382 2938 κεκομμένου
1415 2865 1576 2921 λίτραν
1610 2863 1661 2907 α’
1669 2898 1678 2907 .
1739 2862 1797 2907 τὰ
1830 2862 1949 2919 ξηρὰ
1999 2865 2021 2887 ‘T

262 2921 416 2979 κόψας
447 2923 526 2967 καὶ
559 2923 703 2978 σήσας
734 2924 815 2968 καὶ
846 2929 941 2975 τοῖς
971 2929 1154 2980 τηκτοῖς
1185 2920 1319 2980 μίξας
1350 2923 1456 2980 χρῶ.
1519 2924 1871 2979 προποτίσματα
1895 2920 1945 2965 δὲ
