2060 3232
857 137 919 144 —
1005 105 1255 159 154-

211 241 327 295 δρου
359 237 499 294 χυλὸν
538 237 620 281 καὶ
661 235 890 292 σινήπεως
927 236 979 281 τὸ
1018 237 1217 294 ἀρκοῦν,
1250 235 1553 288 ὀποπάνακος
1590 236 1745 294 ὀλίγον
1788 238 1903 295 μετὰ

214 296 513 355 ὑδρομέλιτος
536 296 617 341 καὶ
641 296 797 353 ὀλίγον
823 292 980 340 ἐλαίου
1013 297 1238 354 συμμίξας
1261 297 1396 344 δίδου
1414 322 1469 329 -
1488 296 1669 341 omissis
1694 297 1899 353 reliquis.

217 358 274 402 cf.
300 361 387 401 114
417 370 524 401 cum
555 357 713 401 adnot.

330 415 673 474 peduculos]
724 414 888 459 eadem
936 415 1168 490 scriptura
1213 419 1295 460 122
1345 416 1392 459 et
1437 414 1487 458 in
1529 412 1715 471 glossis,
1764 414 1898 472 Corp.

217 475 358 532 gloss.
391 475 436 519 II
467 489 510 531 p.
547 478 631 518 145
672 475 951 531 peduculum
1005 471 1173 530 φθείρ,
1229 489 1273 530 p.
1306 477 1393 518 470
1441 475 1588 531 φθείρ
1631 475 1902 530 peduculus,

210 549 255 591 p.
280 539 364 578 471
393 534 619 590 φθειρίζω
645 533 885 589 peduculo.
917 533 1104 577 Petron.
1132 535 1216 577 sat.
1246 537 1299 576 57
1319 533 1567 589 peduclum
1591 533 1715 590 (vide
1739 533 1901 578 Fried-

214 593 423 639 laenderi
454 594 632 647 adnot.)

331 651 550 709 sinapi]
584 650 763 707 scripsi,
795 650 875 694 vix
899 649 1024 694 enim
1055 649 1232 707 sinopis
1257 650 1385 694 credi
1407 651 1567 706 potest
1597 650 1657 696 ad
1689 651 1898 696 dolorem

211 710 388 755 ventris
415 709 691 755 intrinsecus
717 709 832 765 dari,
857 709 970 755 licet
994 710 1210 767 capacior
1234 709 1295 753 sit
1318 723 1543 766 equorum
1560 711 1736 755 venter.
1756 723 1898 765 quae-

209 769 332 814 ritur
346 772 504 814 tamen
519 784 630 813 num
647 770 906 826 sinapidem
924 767 1127 813 retinere
1145 769 1400 823 debuerim,
1418 768 1548 813 cuius
1567 768 1898 814 declinationis

211 827 1091 934 exemfilgmlegoVefftilcbfzieorg-esLex
1104 828 1146 872 d.
1160 827 1688 931 L{21t.Wogtformens..v
1704 828 1898 932 profert.

857 902 908 931 o‘v
938 905 966 931 U
997 903 1082 931 νου
1128 904 1189 931 ’κα
1266 903 1327 931 ’κα
1391 904 1421 930 06
1457 903 1511 931 ov
1566 885 1652 931 o‘u'e'
1717 904 1748 931 α
1805 903 1860 932 ‘nv

215 948 277 991 M
304 953 360 992 90
392 947 472 1004 χα’
506 947 622 1004 πρὸς
652 946 801 991 πόνον
834 904 1023 997 uotiuis.
1051 947 1292 1003 στρύχνου,
1323 903 1833 1019 gaossvqauiov9579”
1779 946 1898 991 οὕτω

212 1005 502 1064 καλουμένης
532 1005 662 1063 παρὰ
687 1004 929 1063 Ρωμαιόις
961 1004 1175 1065 βοτάνης,
1206 1004 1337 1063 παρὰ
1369 1005 1420 1050 δὲ
1435 1003 1624 1062 Ἕλλησι
1654 1005 1899 1064 καρδάμου

215 1069 308 1111 κτλ
373 1066 602 1110 excidisse
634 1064 782 1118 igitur
805 1066 990 1110 videtur
1021 1067 1241 1123 strychni,
1272 1079 1412 1120 quam
1451 1066 1645 1109 herbam
1675 1071 1900 1110 strumum

217 1125 294 1168 vel
341 1126 610 1169 cucubalum
656 1123 815 1168 Latini
862 1124 1078 1168 dixerunt
1125 1123 1258 1181 (Plin.
1292 1124 1401 1167 XXI
1435 1128 1539 1179 1783
1598 1125 1770 1168 XXVII
1807 1128 1899 1182 68),

217 1184 426 1228 Dioscor.
455 1184 515 1226 IV
543 1189 594 1228 71
631 1181 843 1242 στομάχῳ
875 1180 1148 1243 καυσομένῳ
1182 1184 1379 1250 βοηθεῖν
1412 1183 1628 1227 affirmat.

333 1243 422 1286 121
457 1243 576 1286 Vide
609 1256 727 1298 quae
759 1245 819 1287 ad.
850 1243 971 1287 hanc
1002 1229 1435 1299 praecantationem
1473 1242 1783 1287 Buechelerus
1817 1244 1897 1287 ad

213 1302 397 1346 notavit
420 1302 536 1346 Mus.
562 1301 709 1346 Rhen.
734 1302 824 1345 vol.
851 1306 908 1345 45
931 1316 976 1358 p.
1003 1306 1103 1346 332.
1135 1300 1317 1345 utinam
1341 1300 1381 1345 is
1406 1303 1485 1356 qui
1509 1300 1688 1346 Graeca
1703 1301 1897 1370 Hippia-

213 1360 335 1405 trica
368 1359 604 1418 congessit
635 1360 1001 1417 superstitiosior
1031 1361 1217 1405 fuisset!
1251 1361 1451 1404 removit
1474 1360 1598 1404 enim
1622 1359 1717 1404 fere
1743 1362 1899 1406 omnia

212 1420 378 1464 harum
413 1419 798 1477 superstitionum
830 1420 1063 1476 exempla,
1105 1420 1274 1476 quibus
1309 1418 1498 1476 Apsyrti
1540 1419 1660 1463 liber
1698 1418 1897 1465 refertus

214 1479 356 1524 fuisse
386 1479 587 1524 videtur.
648 1493 767 1523 unus
802 1480 947 1524 codex
977 1478 1214 1524 Parisinus
1246 1478 1419 1522 Milleri
1442 1479 1669 1523 nonnulla
1693 1479 1900 1524 servavit

214 1539 409 1583 obscure
435 1539 611 1594 scripta
636 1538 711 1595 (cf.
738 1553 782 1595 p.
804 1543 871 1583 15.
901 1543 969 1584 16.
996 1543 1066 1582 22.
1093 1542 1162 1583 37.
1190 1543 1260 1583 69.
1290 1542 1387 1582 123.
1414 1539 1532 1594 128).
1579 1537 1900 1596 Pelagoniana

212 1598 349 1642 huius
393 1598 577 1655 generis
617 1599 712 1642 alia
751 1612 858 1642 mox
896 1600 1166 1654 sequentur,
1206 1611 1325 1653 quae
1362 1612 1421 1642 ne
1460 1597 1659 1654 Vegetio
1707 1598 1899 1653 quidem

212 1658 355 1713 digna
389 1656 490 1702 visa
521 1658 631 1701 sunt
661 1670 782 1713 quae
811 1656 1141 1714 reciperentur.
1184 1656 1328 1701 immo
1360 1657 1400 1701 is
1439 1657 1679 1712 tamquam
1720 1657 1898 1702 detrec-

212 1717 413 1760 tatorem
453 1719 500 1760 et
538 1717 909 1772 contemptorem
952 1729 1000 1760 se
1039 1717 1187 1761 iactat
1216 1716 1260 1759 ΙΙ
1293 1721 1370 1770 11,
1403 1720 1430 1760 2
1478 1717 1692 1773 (dolorem
1729 1719 1899 1763 ventris

123 1779 127 1783 '
215 1778 268 1819 in
297 1776 513 1820 iumentis
543 1777 922 1820 veterinariorum
953 1777 1186 1832 imperitia
1210 1779 1351 1832 putat
1392 1777 1529 1830 facile
1560 1788 1693 1832 posse
1723 1778 1895 1831 curari,

213 1836 334 1903 quod
363 1849 501 1893 yrave
531 1836 683 1879 nescit.
717 1840 759 1880 et
790 1849 845 1880 ea·
874 1837 1138 1880 ventositate
1159 1836 1229 1880 vel
1259 1836 1588 1891 constipatione
1616 1836 1780 1880 vitium
1803 1840 1896 1881 tor-

210 1895 357 1938 siones
398 1899 562 1939 vocant
600 1899 640 1937 et
682 1895 953 1938 inteoiorum
991 1895 1258 1949 incisiones,
1299 1895 1465 1963 quibus
1503 1897 1587 1938 aut
1619 1899 1895 1950 praecanta-

214 1953 357 1997 tiones
387 1955 680 1997 anicularum
711 1966 831 1998 neore
862 1956 945 1997 aut
982 1954 1171 2010 aliquod
1207 1954 1342 2010 quasi
1371 1953 1614 2010 physicum
1650 1955 1896 1999 remedium

215 2012 397 2067 adferre
428 2013 685 2069 conantur),
719 2012 808 2056 etsi
841 2012 964 2069 apud
994 2015 1176 2056 veteres
1207 2026 1379 2069 magno
1407 2011 1458 2055 in
1494 2011 1670 2056 honore
1708 2012 1898 2069 fuerint,

212 2072 267 2114 ut
283 2072 359 2116 vel
376 2070 564 2115 Catonis
591 2072 647 2115 de
671 2070 813 2127 agric
844 2075 927 2115 160
953 2071 1014 2114 ad
1037 2071 1197 2114 luxum
1224 2071 1431 2116 cantatio
1454 2070 1656 2114 barbara
1678 2072 1893 2117 testatur.

213 2129 498 2174 consimilem
530 2131 900 2175 incantationem
940 2131 1225 2187 deprehendi
1257 2131 1380 2186 apud
1419 2130 1694 2174 Marcellum
1718 2135 1789 2187 28,
1816 2136 1891 2176 16:

209 2203 391 2234 carmen
422 2191 483 2235 ad
514 2204 644 2235 ‘rosus
674 2191 766 2235 sive
795 2191 1026 2234 hominum
1056 2191 1149 2235 sive
1179 2190 1453 2234 animalium
1495 2190 1775 2234 diversorum
1813 2191 1892 2235 sic.

202 2249 409 2305 palmam
440 2255 568 2293 tuam
593 2263 737 2306 pones
767 2254 927 2294 contra
959 2250 1151 2294 dolentis
1188 2253 1384 2294 ventrem
1415 2253 1457 2294 et
1494 2250 1603 2294 haec
1644 2254 1711 2294 ter
1740 2250 1894 2294 novies

210 2308 356 2352 dices.-
387 2310 559 2365 stolpus
591 2323 621 2353 a
653 2310 774 2353 caelo
806 2310 982 2364 cecidit,
1014 2310 1135 2354 hunc
1157 2309 1360 2354 morbum
1379 2312 1586 2364 pastores
1608 2309 1893 2363 invenerunt,

213 2368 313 2410 sine
342 2368 555 2411 manibus
587 2368 874 2425 collegerunt,
904 2368 1003 2412 sine
1032 2369 1135 2424 iyni
1166 2372 1399 2423 cooeerunt,
1428 2368 1525 2412 sine
1549 2369 1759 2413 dentibus
1776 2380 1891 2413 com-

209 2427 397 2470 ederunt
428 2427 488 2483 (p
516 2430 601 2470 295
634 2426 705 2470 ed.
730 2426 1029 2482 Helmreich).

327 2483 423 2528 124
455 2483 510 2528 H
533 2489 616 2528 150
650 2484 774 2528 άλλο.
826 2483 1024 2542 χλιαρὰν
1057 2484 1258 2541 στακτὴν
1283 2484 1399 2542 μετὰ
1425 2484 1581 2529 ἐλαίου
1605 2485 1687 2529 καὶ
1711 2483 1891 2542 μέλιτος

209 2540 365 2599 ὀλίγον
390 2548 492 2594 ταῖς
516 2542 749 2617 φάρυγξιν
783 2541 838 2600 ἔμ
871 2547 951 2587 αλε
976 2547 1068 2588 κτλ
1114 2544 1177 2587 Μ
1195 2548 1249 2587 91
1276 2544 1342 2601 χι’
1376 2543 1493 2602 πρὸς
1518 2543 1721 2602 στρόφον
1744 2545 1890 2588 ’ἵππου

207 2601 431 2660 χρήσιμον
462 2601 698 2662 βοήθημα.
748 2604 802 2647 cf.
859 2604 997 2647 olum.
1029 2602 1095 2647 VI
1120 2608 1197 2657 30,
1227 2607 1282 2646 10
1307 2617 1525 2660 praesens
1553 2605 1780 2648 medicina
1812 2609 1890 2660 est,

210 2666 280 2706 ita
304 2668 356 2706 ut
379 2676 524 2719 supra
542 2665 763 2720 scriptum
787 2667 850 2707 est
874 2664 916 2719 (ἕ
929 2665 991 2718 8),
1015 2663 1186 2707 inserer
1189 2676 1211 2706 e
1232 2676 1424 2706 manum
1452 2667 1494 2707 et
1507 2663 1664 2717 fimum
1687 2664 1890 2708 eximere.

329 2721 422 2767 125
469 2721 750 2779 bidellae]
797 2721 989 2766 videllae
1029 2720 1232 2765 traditur
1273 2735 1358 2778 pro
1405 2722 1596 2776 bdelhze,
1643 2724 1696 2765 ut
1741 2721 1890 2766 rarius

211 2781 475 2836 appellatur
493 2782 707 2826 bdellium
732 2779 807 2838 (cf.
834 2779 952 2826 Plin.
976 2779 1063 2824 XII
1087 2785 1143 2825 35
1170 2793 1265 2835 seq
1299 2780 1660 2836 Dioscor.180).
1700 2782 1891 2826 videllae

210 2839 428 2883 scribitur
460 2841 602 2884 etiam
637 2843 720 2884 198
755 2839 903 2896 (Delle
933 2843 1052 2896 329),
1085 2838 1280 2884 eandem
1309 2838 1507 2883 formam
1532 2839 1721 2897 Vegetii
1746 2840 1891 2885 codex

207 2896 498 2944 Corbeiensis
521 2899 586 2943 VI
614 2904 690 2956 14,
719 2903 757 2942 1.
783 2904 812 2943 4
851 2898 1052 2955 exhibet,
1101 2897 1343 2944 Gothanus
1381 2900 1638 2956 posteriore
1677 2901 1780 2944 loco
1821 2900 1888 2945 bi-

1998 0 2048 383 ἓ
