2060 3232
894 116 1256 169 -84-

234 252 418 301 nimius
458 252 663 317 sanguis
695 252 928 316 eruperit,
966 252 1145 314 pannis
1177 251 1413 302 mollibus
1446 252 1630 316 carptis
1663 270 1776 302 cum
1807 255 1915 304 oleo

234 328 286 375 et
325 328 464 375 aceto
505 328 555 374 et
593 326 781 374 salibus
819 326 1027 374 minutis
1074 328 1125 374 et
1171 342 1285 375 cum
1333 328 1547 375 stercore
1593 327 1751 390 ipsius
1800 329 1918 390 equi

233 400 504 449 articulum
542 416 656 448 cum
692 400 886 463 ungula
924 399 1168 463 alligabis.
1219 402 1334 463 post
1371 400 1579 448 tertium
1616 401 1748 450 diem
1787 402 1914 450 cale-

233 473 476 523 factiones
508 474 673 522 facies.
737 473 780 520 si
810 489 923 522 caro
957 473 1239 537 excreverit,
1281 475 1373 522 aut
1406 474 1622 536 styptico
1655 477 1746 522 aut
1777 476 1914 523 trau-

143 556 151 561 ”’
232 548 416 596 matico
455 546 612 595 uteris
660 546 958 608 saepiusque
1005 547 1240 608 scalpello
1288 562 1494 595 cornum
1538 549 1759 611 ungulae
1798 564 1915 610 pur-
1962 555 1984 590 5
2048 609 2051 613 .

233 623 353 686 gato
386 623 437 670 et
466 621 648 684 tollito,
679 621 739 667 ut
770 620 1049 682 aequaliter
1079 621 1279 669 crescat.
1336 622 1458 668 tunc
1481 621 1733 684 malagma
1765 621 1919 670 cruda
2038 611 2045 618 ’

233 695 391 743 uteris
431 696 482 742 et
518 695 650 742 lente
691 693 947 742 ambulare
987 709 1145 757 coges.
1207 693 1479 742 novissima
1518 695 1688 743 autem
1725 694 1919 743 medela

234 771 311 817 est
346 768 559 831 inurere,
599 767 642 815 si
679 782 876 815 necesse
915 767 1081 815 fuerit.

123 846 213 892 257
343 842 473 890 Item
511 841 555 889 si
593 855 752 903 equus
790 841 844 887 in
883 840 1108 889 articulis
1141 842 1232 888 aut
1264 840 1415 889 armis
1447 841 1711 889 crassiores
1742 855 1919 890 nervos

235 916 327 964 aut
363 915 626 964 tubercula
664 914 918 978 habuerit,
958 914 1100 962 inure
1141 914 1183 961 si
1221 929 1416 963 necesse
1455 914 1631 978 fuerit,
1679 916 1770 962 aut
1808 914 1851 962 si
1890 930 1920 963 a
1944 927 1987 959 ιο

233 990 357 1038 locis
410 988 727 1052 compagines
774 988 1103 1037 articulorum
1156 988 1472 1052 recesserint,
1520 1004 1579 1036 ex
1624 987 1918 1037 necessitate

235 1063 440 1127 sanguis
487 1061 788 1110 emittendus
836 1064 912 1109 est
958 1063 1009 1110 et
1059 1062 1170 1110 loca
1217 1062 1327 1124 ipsa
1383 1061 1576 1110 minute
1623 1061 1918 1110 scarifanda.

233 1139 355 1184 tunc
387 1136 562 1184 similis
594 1151 714 1184 cura
746 1134 1031 1183 adhibetur:
1070 1135 1240 1184 lanam
1271 1135 1495 1184 sucidam
1526 1137 1578 1183 et
1609 1136 1775 1184 oleum
1806 1151 1921 1184 cum

235 1212 375 1258 aceto
416 1209 643 1257 articulis
681 1208 924 1270 imponito
963 1224 1054 1270 per
1090 1208 1193 1256 dies
1234 1210 1490 1272 quattuor,
1528 1208 1603 1257 ita
1640 1211 1701 1256 ut
1739 1208 1919 1257 cotidie

234 1298 388 1331 cures.
466 1284 605 1345 post,
636 1281 797 1330 calido
851 1281 1176 1330 medicamine
1232 1281 1480 1330 solidandi
1532 1285 1651 1331 sunt
1705 1282 1920 1346 articuli,
1946 1292 1988 1326 15

235 1357 378 1405 cuius
438 1357 561 1404 haec
622 1357 699 1404 est
759 1355 1076 1417 compositio:
1133 1355 1320 1417 sinapis
1383 1357 1502 1404 sext.
1560 1358 1611 1404 et
1673 1355 1922 1404 scordium

234 1431 287 1478 in
325 1446 485 1478 unum
516 1429 779 1492 contunde,
820 1431 911 1476 aut
942 1429 985 1477 si
1014 1428 1357 1478 vehementius
1389 1429 1659 1478 calefacere
1689 1429 1923 1493 volueris,

235 1504 389 1553 etiam
420 1503 624 1567 galbani
660 1529 722 1536 —
758 1502 836 1550 III
867 1519 983 1551 cum
1013 1502 1189 1551 ceteris
1222 1503 1575 1565 suprascriptis
1605 1502 1923 1567 misceantur,

234 1578 485 1626 medullae
525 1577 752 1625 cervinae
786 1602 854 1609 —
887 1577 965 1624 ΙΠ
1004 1579 1054 1624 et
1092 1576 1221 1625 aceti
1261 1577 1396 1639 quod
1435 1576 1633 1625 sufficit.
2043 1633 2046 1636 ,

130 1653 225 1700 258
351 1651 481 1699 Item
520 1651 562 1699 si
601 1665 760 1713 equus
791 1650 844 1697 in
875 1650 1101 1699 articulis
1140 1652 1231 1698 aut
1260 1650 1313 1697 in
1344 1650 1495 1698 armis
1527 1665 1717 1699 crassos
1747 1665 1924 1700 nervos
1947 1662 1990 1694 20

234 1725 481 1789 habuerit,
506 1723 711 1788 sanguis
735 1741 794 1772 ex
816 1723 1112 1772 necessitate
1132 1724 1191 1772 de
1207 1723 1316 1786 ipso
1333 1724 1458 1786 pede
1483 1724 1818 1773 detrahendus
1843 1726 1919 1772 est

236 1801 288 1847 et
318 1814 452 1861 aqua
483 1798 645 1847 calida
676 1798 954 1846 diutissime
985 1798 1096 1846 loca
1126 1797 1236 1860 ipsa
1266 1798 1481 1847 fovenda
1520 1799 1638 1846 sunt
1676 1799 1726 1846 et
1758 1797 1923 1846 calida

235 1873 353 1922 vino
378 1874 429 1920 et
454 1873 561 1921 oleo
587 1871 772 1920 cibario
796 1888 886 1934 per
909 1871 1012 1920 dies
1045 1871 1266 1934 quinque
1291 1870 1610 1920 confricanda
1633 1873 1762 1919 sunt.
1803 1873 1924 1919 tunc

237 1947 281 1994 si
320 1961 488 1994 armus
526 1945 580 1992 in
618 1960 771 1994 causa
807 1945 975 2009 fuerit,
1016 1945 1069 1992 in
1099 1944 1343 2007 piscinam
1373 1960 1502 2009 eum,
1540 1946 1601 1992 ut
1648 1946 1803 2008 natet,
1843 1944 1924 1993 de-

236 2019 374 2068 mitti
422 2020 600 2081 placet.
674 2019 716 2066 si
742 2018 869 2066 nihil
906 2018 1173 2082 profuerit,
1212 2017 1507 2067 necessitate
1542 2020 1750 2082 cogente
1787 2018 1923 2068 urito
1948 2027 1991 2062 25

237 2093 557 2142 reticulatim.
621 2094 739 2141 usta
777 2094 951 2140 curato
991 2094 1052 2140 ut
1091 2107 1241 2154 supra
1281 2092 1523 2154 scriptum
1560 2086 1722 2156 (est).

131 2168 226 2216 259
355 2167 410 2214 Si
448 2166 771 2230 suffraginem
807 2166 1040 2214 miseram
1079 2168 1170 2213 aut
1199 2165 1446 2214 tumidam
1475 2165 1723 2230 habuerit,
1762 2164 1923 2214 cilicio

242 2240 528 2304 confricato,
566 2255 727 2302 usque
767 2255 882 2288 cum
921 2239 1125 2303 sanguis
1157 2239 1391 2302 eiciatur,
1428 2239 1542 2287 inde
1573 2239 1790 2287 farinam
1821 2239 1926 2288 ervi

240 2315 387 2362 melle
427 2328 746 2375 consparsam
782 2329 948 2375 panno
989 2313 1193 2362 induces
1244 2315 1295 2361 et
1341 2313 1663 2377 suffraginem
1707 2313 1835 2377 ligas
1875 2315 1926 2361 et

240 2387 409 2435 triduo
447 2388 749 2449 permaneat.
1949 2397 1991 2430 30

131 2462 229 2510 260
357 2461 486 2508 Item
525 2461 588 2508 ad
627 2475 849 2524 ozaenas,
889 2459 1120 2522 apopiras
1151 2459 1406 2523 Pelagoni.
1467 2476 1649 2522 panem
1683 2459 1927 2508 cibarium

241 2535 297 2582 in
330 2549 516 2597 aquam
545 2533 797 2582 infundito
830 2535 881 2581 et
910 2535 1086 2595 postea
1116 2533 1169 2580 in
1199 2533 1439 2582 mortario
1471 2535 1600 2582 teres
1632 2533 1685 2581 in
1722 2533 1926 2582 modum

364 2679 391 2719 8
422 2673 598 2719 inurire
628 2675 644 2731 ΙΙ
682 2677 735 2718 15
776 2670 948 2718 callido
978 2672 994 2728 ΙΙ
1028 2676 1083 2716 16
1122 2672 1209 2716 hec
1253 2674 1261 2727 Ι
1303 2671 1531 2727 σινήπεως
1562 2671 1922 2730 κεκαθαρμένον

244 2735 407 2792 λίτραν
439 2731 490 2777 α’
518 2733 630 2779 ΗΡ
671 2730 900 2787 σινήπεως
930 2730 1290 2789 κεκαθαρμένης
1319 2734 1357 2774 λ.
1391 2730 1444 2774 α’
1468 2732 1530 2776 Μ
1551 2734 1557 2789 Ι
1586 2733 1798 2776 scordum
1824 2734 1923 2789 (om.

243 2794 387 2850 HM)
411 2794 428 2851 ΙΙ
454 2797 508 2838 18
541 2806 646 2838 cum
676 2791 848 2836 ueteris
880 2793 927 2835 ἔξ
965 2792 981 2847 ΙΙ
1018 2795 1074 2834 22
1108 2790 1281 2835 callida
1322 2791 1330 2846 Ι
1371 2794 1427 2834 23
1460 2790 1633 2834 callida
1663 2791 1710 2836 R
1771 2791 1924 2836 calido

245 2852 405 2897 Sarch.
433 2852 440 2909 Ι
467 2850 759 2908 confrigandi
781 2852 796 2908 ΙΙ
820 2854 877 2894 24
890 2848 1068 2894 dimitti
1089 2849 1104 2906 ΙΙ
1127 2853 1184 2894 26
1202 2850 1254 2893 ut
1267 2853 1326 2894 ἔὲ.
1350 2849 1367 2906 ΙΙ
1389 2853 1445 2894 28
1463 2849 1723 2908 confrigato
1752 2852 1758 2906 Ι
1787 2849 1924 2894 eicia-

243 2910 339 2968 tur]
370 2911 514 2966 fuerit
546 2909 762 2955 eliciatur
787 2913 794 2968 1
821 2909 955 2955 herbi
977 2910 993 2966 11
1017 2913 1070 2952 31
1105 2907 1260 2954 ozinas
