2060 3232
799 154 1194 208 —103—

155 291 332 355 phuris
368 319 429 326 —
466 291 538 356 Π,
576 289 837 338 bituminis
875 316 962 354 —,
1011 291 1110 339 olei
1148 290 1402 354 selibram,
1449 291 1573 353 picis
1620 294 1842 357 liquidae

156 367 364 429 cyathos
395 363 495 414 ml:
537 379 666 427 quae
698 364 998 413 conterenda
1037 366 1157 412 sunt
1186 364 1431 413 conterito
1463 367 1515 413 et
1546 368 1840 428 permisceto

157 439 325 489 omnia
362 441 413 487 et
450 438 653 501 coquito
692 435 719 486 fl'
721 439 773 486 et
809 437 884 486 ita
921 435 1267 502 perunguitoll.
1598 479 1601 483 ,
1841 448 1983 485 Μετ’

265 513 395 561 Item
448 512 600 561 aliud.
678 527 817 561 cerae
868 512 1027 575 selib.‚
1077 511 1238 575 adipis
1284 513 1518 574 porcinae
1565 513 1672 578 lib.,
1719 515 1843 576 picis
1859 521 1954 567 352

105 598 132 632 5
154 586 377 649 liquidae
416 587 623 650 cyathos
653 586 771 651 HII,
811 586 909 635 olei
947 586 1099 650 selib.,
1139 586 1394 648 sulphuris
1431 614 1494 620 ——
1528 587 1601 652 Π,
1639 587 1843 636 bitumi-

154 660 232 709 nis
278 678 366 708 —-:
412 661 535 709 haec
581 660 784 723 coquito
839 662 890 709 et
935 676 1122 723 equum
1168 660 1460 725 perfricato,
1507 677 1668 724 usque
1724 661 1845 709 dum

153 734 360 799 sanguis
400 735 588 783 exierit.
650 734 764 782 inde
803 734 1108 798 perunguito
1149 735 1301 783 semel
1338 734 1393 782 in
1431 734 1522 784 die.

264 808 394 857 Item
448 806 628 858 ffaliud.
713 808 827 857 lotii
878 808 1061 857 veteris
1111 808 1264 857 faecis
1319 808 1462 871 scrip.
1511 809 1556 872 I,
1612 809 1843 858 stercoris
1860 815 1957 861 353

155 882 296 930 suilli
331 882 491 947 selib.,
531 882 684 930 faecis
725 881 823 931 olei
853 882 1127 946 heminam,
1172 882 1428 944 sulphuris
1463 909 1532 916 —
1564 883 1664 947 III,
1719 883 1844 945 picis

88 969 134 1002 ιο
156 956 379 1020 liquidae
419 956 625 1019 cyathos
656 955 754 1003 [[[:
793 956 916 1004 haec
956 956 1124 1004 omnia
1155 956 1373 1019 coquito,
1412 958 1472 1004 ut
1502 956 1698 1019 liquida
1729 956 1844 1020 sint,

154 1033 206 1079 et
243 1031 405 1079 calido
444 1031 553 1079 loco
592 1030 896 1094 perunguito
937 1045 1126 1093 equum
1164 1031 1316 1079 semel
1354 1030 1407 1078 in
1454 1030 1534 1079 die
1580 1046 1741 1093 usque
1782 1031 1846 1079 ad

153 1104 435 1153 sanitatem.

262 1179 394 1226 Item
425 1178 577 1226 aliud.
632 1177 893 1226 bituminis
925 1194 973 1240 p.
996 1177 1062 1242 Π,
1095 1177 1349 1240 sulphuris
1380 1177 1486 1227 vivi
1518 1178 1669 1242 selib.‚
1705 1194 1845 1227 cerae
1862 1184 1959 1230 354

152 1251 261 1317 lib.‚
307 1252 437 1301 turis
482 1267 694 1300 mannae
742 1252 878 1300 selib.
919 1252 1040 1300 teris
1087 1254 1138 1299 ct
1184 1251 1470 1300 commisces
1515 1252 1568 1299 in
1615 1253 1746 1317 oleo,
1793 1253 1846 1300 in

51 1387 53 1390 .
86 1336 130 1370 15
154 1342 254 1389 quo
295 1329 411 1375 ante
455 1326 683 1374 bullierit
729 1326 978 1374 anchusae
1024 1325 1295 1374 fasciculus
1340 1340 1488 1389 unus,
1528 1327 1579 1374 et
1624 1327 1726 1375 sole
1766 1341 1846 1375 ca-

55 1392 61 1397 *
152 1400 255 1449 lido
293 1415 502 1465 ungues.
544 1400 648 1448 sine
688 1401 790 1449 sole
821 1416 923 1449 non
958 1400 1110 1448 habet
1148 1399 1568 1448 medicamentum
1605 1400 1847 1449 virtutem

152 1490 244 1524 nec
281 1475 524 1524 effectum.

264 1548 395 1597 Item
434 1548 585 1596 aliud.
648 1547 702 1595 in
741 1547 941 1596 stabulo
980 1547 1222 1597 hordeum
1262 1547 1397 1610 quod
1435 1547 1661 1596 nascitur
1699 1548 1845 1610 quasi
1861 1551 1957 1599 355

154 1623 293 1686 spica
330 1622 475 1687 nigra
513 1622 788 1671 contundes
828 1624 879 1670 et
908 1621 1084 1671 misces
1117 1621 1215 1670 olei
1246 1621 1442 1684 cyprini
1477 1622 1613 1684 quod
1645 1620 1845 1685 sufficit,

88 1709 133 1742 20
155 1699 207 1746 et
244 1696 472 1759 tepidum
511 1697 613 1745 sole
653 1695 814 1744 calido
854 1711 1151 1760 peningues

265 1771 395 1819 Item
433 1770 585 1818 aliud.
647 1785 796 1818 ranas
834 1770 888 1817 in
927 1785 1062 1832 aqua
1093 1784 1275 1833 coques
1307 1771 1359 1818 et
1397 1769 1602 1834 colliges
1633 1770 1845 1818 unctum
1861 1774 1959 1820 356

154 1845 380 1908 ipsarum
419 1847 470 1893 et
508 1841 823 1899 commisces]
862 1844 1157 1893 lenticulam
1189 1847 1240 1893 et
1271 1843 1471 1907 adipem
1508 1845 1559 1891 et
1599 1844 1766 1892 oleum
1798 1845 1847 1890 et

154 1920 463 1982 tepefactum
501 1919 753 1983 perungis.

267 1993 349 2041 Ad
380 1992 608 2042 scabiem.
664 1993 942 2042 cucumeris
974 1992 1193 2042 silvatici
1215 1992 1405 2041 radices
1430 1992 1572 2040 lavas
1604 1992 1655 2039 et
1677 1990 1847 2053 pinsas
1864 1995 1957 2041 357

89 2077 134 2112 25
158 2070 209 2117 et
246 2068 300 2116 in
338 2067 547 2116 caccabo
587 2083 715 2116 novo
763 2082 878 2115 cum
925 2068 1033 2116 oleo
1082 2069 1331 2129 quantum
1376 2065 1564 2114 sufficit
1612 2064 1848 2126 decoquis

158 2144 210 2191 et
246 2142 418 2190 uteris.

267 2216 398 2264 Item
422 2215 582 2263 aliter.
616 2215 828 2277 sulphur
844 2230 959 2263 cum
974 2214 1091 2263 vino
1110 2213 1319 2263 candido
1338 2213 1583 2275 decoques
1602 2214 1652 2260 et
1675 2212 1846 2261 uteris
1865 2215 1962 2263 358

159 2370 316 2428 adipis
347 2371 568 2428 porcinae
591 2368 784 2429 libram]
810 2369 972 2427 adipes
995 2368 1213 2426 poreinos
1236 2368 1360 2413 libra
1390 2368 1437 2412 Β
1484 2367 1637 2425 adipis
1667 2367 1750 2412 lib.
1774 2366 1848 2425 RQ

163 2431 469 2488 semunciam]
519 2430 547 2472 Σ
595 2429 642 2474 Β
703 2442 815 2474 sem.
857 2428 904 2473 R
963 2428 971 2486 Ι
1025 2428 1217 2473 sulfuris
1257 2429 1302 2472 B
1348 2429 1363 2485 ΙΙ
1414 2433 1435 2471 1
1485 2426 1727 2472 bituminis
1773 2426 1848 2484 —]

158 2503 242 2536 om.
258 2490 305 2533 Β
331 2492 341 2545 Ι
367 2488 609 2546 selibram]
628 2487 659 2532 S
691 2489 737 2533 B
783 2487 917 2533 selib.
934 2487 981 2533 R
1004 2489 1020 2545 ΙΙ
1043 2492 1068 2532 2
1088 2490 1246 2545 cyatos
1263 2488 1308 2531 B
1347 2489 1469 2543 cyat.
1494 2486 1540 2531 R
1577 2488 1593 2543 ΙΙ
1627 2491 1652 2530 3
1684 2498 1853 2543 perun-

159 2562 275 2607 gues
305 2549 351 2592 Β
378 2550 387 2608 Ι
412 2552 507 2594 352
539 2561 624 2592 om.
654 2548 700 2591 Β
737 2549 753 2604 ΙΙ
792 2551 820 2590 4
844 2546 1036 2605 porcine
1074 2549 1090 2604 ss
1125 2552 1151 2591 5
1191 2547 1324 2603 cyat.
1350 2548 1366 2603 ΙΙ
1396 2551 1423 2591 8
1454 2545 1571 2590 lotei
1602 2545 1694 2589 BR
1736 2545 1743 2600 Ι
1785 2543 1853 2588 fa-

162 2608 258 2653 cies
288 2608 335 2652 B
362 2611 369 2664 Ι
398 2608 535 2664 scrip.
560 2608 582 2650 I
611 2606 658 2650 Β
711 2606 848 2663 scrip.
880 2607 927 2651 R
954 2612 962 2663 1
988 2608 1166 2651 stercus
1199 2605 1392 2650 suillum
1423 2605 1469 2649 R
1491 2606 1507 2661 n
1538 2608 1564 2648 9
1598 2603 1742 2647 facies
1764 2603 1811 2646 Β
1841 2602 1847 2660 Ι

162 2667 351 2711 sulfuris
382 2667 429 2710 B
452 2668 468 2723 ΙΙ
496 2670 548 2710 10
581 2666 741 2723 cyatos
772 2665 838 2709 III
868 2666 914 2709 B
970 2667 1092 2723 cyat.
1116 2665 1205 2709 IIlI
1235 2665 1281 2710 R
1332 2663 1545 2713 κυάθους
1576 2667 1698 2719 τρεῖς
1728 2661 1855 2728 ΗΒΙΙ

164 2732 220 2771 13
252 2725 383 2770 aliud
413 2739 498 2771 om.
532 2726 578 2770 B
604 2729 611 2782 Ι
638 2724 827 2769 sulfuris
846 2724 876 2768 S
907 2724 954 2768 Β
988 2729 994 2780 Ι
1030 2738 1166 2770 cerae
1198 2725 1279 2769 lib.
1323 2723 1441 2767 turis
1480 2735 1678 2766 mannae
1720 2721 1855 2766 selib.

162 2799 248 2831 om.
281 2784 326 2829 B
349 2785 366 2841 ΙΙ
391 2789 446 2829 14
477 2786 600 2829 teres
630 2784 676 2829 R
700 2786 715 2841 ΙΙ
742 2788 794 2828 15
827 2798 1027 2829 ancusae
1057 2782 1337 2828 fasciculum
1375 2796 1522 2825 unum
1560 2780 1605 2824 Β
1635 2781 1650 2836 ΙΙ
1684 2784 1739 2824 16
1770 2793 1853 2822 un·

163 2843 291 2901 gisR
316 2844 325 2899 Ι
352 2843 472 2901 sinc]
491 2856 603 2888 sane
622 2843 662 2887 si
678 2844 723 2886 Β
746 2844 762 2900 ΙΙ
788 2846 842 2887 18
867 2842 984 2888 Item
1009 2842 1159 2901 aliud]
1194 2842 1332 2886 aliter
1357 2841 1402 2885 Β
1428 2844 1435 2895 Ι
1462 2839 1515 2883 in
1539 2839 1724 2883 stabulo
1748 2838 1855 2883 hor·

165 2902 327 2960 deum]
365 2902 536 2946 tibium
573 2903 810 2948 hordeuss
849 2904 915 2960 (m
954 2904 1087 2959 (ras.)
1127 2902 1174 2947 R
1204 2904 1219 2958 ΙΙ
1251 2905 1307 2945 20
1349 2905 1397 2945 et
1428 2912 1512 2945 om.
1551 2898 1596 2942 B
1639 2899 1648 2955 Ι
1685 2910 1856 2955 perun-

165 2973 247 3020 ges
280 2962 326 3006 R
349 2962 365 3017 ΙΙ
388 2966 443 3005 21
478 2959 608 3004 aliud
638 2974 724 3008 om.
754 2961 800 3004 Β
827 2963 834 3018 Ι
862 2959 1046 3019 colligis
1078 2961 1125 3006 R
