2060 3232
870 110 1267 162 —170-

353 239 539 299 urifgo]
595 239 893 286 Sarchianius
948 239 1194 297 proposuit
1240 240 1463 298 pruriyo,
1510 239 1589 284 vix
1637 241 1790 297 recte,
1839 240 1920 286 cfr.

234 299 350 401 Ῡῗξ.
359 299 424 404 1Ιὲ
438 304 492 344 52
512 313 618 344 cum
643 300 798 344 adnot.
820 298 1103 356 Schneideri,
1126 297 1191 343 VI
1207 303 1278 348 24.
1303 298 1547 356 interpreti
1567 300 1640 343 est
1659 301 1920 357 κακοχυμία

254 375 284 403 u
305 373 321 402 1
356 373 382 403 o
443 393 453 402 .

233 361 251 415 <
323 359 448 463 82333
480 418 537 461 H
561 422 647 462 256
680 416 903 477 βοήθημα
936 414 1002 467 εἰς
1031 416 1082 461 τὸ
1123 416 1251 461 αὐτὸ.
1316 416 1412 471 ὄξει
1451 419 1612 476 θερμῷ
1649 417 1732 461 τὸν
1772 416 1918 474 ὄνυχα

233 475 479 520 κατάντλει
509 476 590 519 καὶ
621 475 736 533 μετὰ
765 483 912 520 ταῦτα
942 475 1142 533 πράσιον
1175 476 1290 532 μετὰ
1321 476 1570 533 ἀξουγγίου
1603 479 1806 520 παλαιοῦ
1837 476 1918 520 καὶ

235 536 471 592 ἀψινθίου
504 535 669 592 ἀγρίου
702 535 837 591 μίξας
860 533 1096 593 ἀπότριβε.
1162 535 1223 578 Μ
1243 539 1299 579 98
1325 533 1424 590 χοε’
1458 534 1575 592 πρὸς
1599 534 1770 592 ὄνυχας
1794 530 1920 580 ἐκτε-

234 592 510 651 τριμμένους
533 593 677 637 καλὸν
710 591 945 652 βοήθημα.
1003 592 1060 637 cf.
1086 597 1186 637 249.
1241 593 1299 636 de
1332 594 1565 638 structura
1594 593 1694 638 dixi
1724 595 1784 638 ad
1816 597 1885 639 25.

354 653 448 697 236
486 652 544 695 in
581 653 742 753 rapof]
789 651 830 694 si
867 652 994 696 recte
1035 651 1258 704 traditur,
1301 651 1554 707 significari
1591 652 1778 697 videtur
1808 666 1917 709 pars

235 711 367 768 pedis
400 711 507 766 equi
552 712 679 755 dicta
739 712 917 756 ortasse
956 724 985 754 a
1026 709 1327 754 similitudine
1366 710 1470 766 rapi
1509 709 1584 767 (cf.
1619 710 1714 755 Col.
1745 711 1830 755 XII
1863 716 1918 756 56

235 770 318 814 ubi
337 783 466 826 rapa,
490 768 762 827 priusquam
782 770 1076 824 condiantur,
1102 768 1383 813 decussatim
1406 769 1686 814 ferramento
1711 769 1919 814 lunatico

238 829 487 930 incidenda
524 828 625 886 ait).
686 842 852 885 rapum
891 828 1068 873 arboris
1110 827 1234 884 apud
1276 828 1433 872 Senec.
1476 827 1611 884 epist.
1645 832 1726 884 86,
1753 833 1917 873 16.18.

238 902 262 931 c
287 924 295 932 .
359 904 382 931 ο
443 886 587 932 ύλιον.

329 904 446 991 γ2ξζ
482 946 539 989 Η
563 950 648 990 242
682 945 791 990 ἄλλο
815 946 1137 1001 Πελαγωνίου.
1187 940 1271 989 ἐὰν
1295 944 1386 1001 ἤδη
1418 944 1633 999 ἤνοικται
1655 945 1706 989 τὸ
1730 944 1921 1004 θλάσμα

239 1008 334 1048 κτλ.
385 1006 446 1048 Μ
475 1009 530 1048 38
565 1004 641 1052 σς’
673 1005 936 1061 praemittit
966 1005 1081 1049 haec
1105 1006 1272 1048 notatu
1306 1004 1465 1060 digna,
1497 1018 1614 1060 quae
1646 1004 1763 1048 mihi
1785 1004 1919 1050 Pela-

239 1062 442 1119 goniana
472 1063 708 1107 videntur:
741 1064 1043 1120 Πελαγωνίου
1068 1063 1184 1119 πρὸς
1207 1062 1334 1107 αὐτό.
1375 1060 1673 1107 δακτυλίδιον
1699 1064 1920 1121 σιδηροῦν

237 1121 347 1178 ἕχον
394 1120 577 1178 γλύμμα
624 1119 808 1172 λέοντος
846 1122 927 1165 καὶ
973 1118 1130 1166 ἐπάνω
1173 1120 1344 1179 ἀστέρα
1381 1121 1597 1166 ὑποκάτω
1636 1128 1717 1178 τῆς
1754 1122 1923 1179 γούλας

236 1179 471 1237 κρέμασον
515 1180 596 1224 καὶ
639 1180 917 1237 θαυμάσεις.
982 1176 1066 1224 ἐὰν
1110 1179 1162 1224 δὲ
1201 1179 1292 1237 ἤδη
1340 1179 1554 1235 ἤνοικται
1592 1184 1685 1225 κτλ.
1763 1186 1920 1227 extare

240 1243 401 1285 autem
447 1252 658 1295 gemmas
700 1239 974 1284 exhibentes
1022 1238 1171 1283 leonis
1219 1239 1475 1295 stellaeque
1521 1238 1779 1297 imaginem
1825 1240 1921 1285 iam

236 1297 447 1342 Millerus
480 1298 735 1342 adnotavit.
786 1297 994 1342 amuleta
1017 1297 1275 1355 Byzantina
1298 1297 1525 1355 inscripta
1549 1297 1919 1357 Schlumberger,

238 1359 402 1402 Revue
436 1357 517 1400 des
548 1346 725 1401 Etudes
757 1370 983 1413 grecques
1008 1357 1049 1400 V
1075 1361 1189 1401 1892
1212 1371 1257 1413 p.
1286 1361 1341 1401 73
1375 1370 1525 1413 seqq.,
1565 1358 1798 1413 recenset,
1838 1358 1922 1402 ubi

237 1417 345 1462 vide
375 1416 604 1472 imprimis
638 1418 856 1476 excerpta
888 1429 944 1460 ex
975 1415 1106 1460 Alex.
1131 1415 1273 1461 Trall.
1298 1431 1343 1472 p.
1362 1420 1418 1460 86
1443 1430 1507 1471 sq.
1553 1415 1610 1460 cf.
1636 1415 1921 1473 fragm.484.

357 1474 451 1519 238
484 1475 542 1519 H
561 1477 647 1519 207
671 1476 973 1532 Πελαγωνιόυ
999 1473 1065 1525 εἰς
1087 1474 1139 1518 τὸ
1164 1474 1277 1518 αὑτό
1303 1475 1418 1532 (scil.
1437 1475 1923 1536 κιρσούς).στυπτηρίᾳ

241 1533 323 1578 καὶ
354 1537 527 1594 λιπαρᾷ
559 1535 693 1590 (trad.
728 1535 1007 1590 στυπτηρίας
1037 1537 1212 1595 λιπαρᾷ
1245 1534 1311 1589 H,
1361 1535 1615 1590 στυπτηρία
1646 1537 1821 1592 λιπαρᾶ
1856 1535 1920 1591 Ρ)

241 1592 356 1650 μετὰ
381 1592 515 1646 ὄξους
539 1592 820 1649 δριμυτάτου
844 1593 952 1644 τοὺς
974 1593 1125 1644 πόδας
1141 1600 1341 1648 συνεχῶς
1364 1592 1599 1652 ἀπότριβε.
1620 1594 1772 1638 M117
1793 1593 1921 1651 ch'

238 1653 539 1708 Πελαγωνίου
570 1651 687 1709 πρὸς
717 1652 914 1710 κιρσούς.

358 1711 453 1755 239
490 1712 550 1754 Μ
581 1715 664 1755 123
709 1711 847 1769 Qon'
895 1711 1198 1767 Πελαγωνίου
1239 1706 1322 1754 ἐὰν
1364 1711 1504 1762 ἵππος
1543 1710 1738 1768 σύριγγα
1778 1705 1829 1754 ἐν
1866 1717 1921 1768 τῇ

238 1767 1492 1886 ῗὲρὲσῖζζάὲῃεὲσέἰιγέαέχῖἴφξῇτῖἱρὲἶέῗῗὲἒῗῖἰίὲἲι)
1508 1769 1688 1885 ῗέἷὲἓη
1701 1769 1921 1885 ωἷᾷἓῗιῗέ

242 1887 394 1938 ἄνθος
413 1887 546 1942 (trad.
567 1886 764 1941 ἄνθους)
783 1888 881 1942 ὄξει
905 1887 1167 1947 δριμυτάτῳ
1190 1887 1442 1945 πρόσμισγε
1466 1887 1547 1931 καὶ
1570 1874 1682 1931 ὅταν
1706 1888 1921 1944 ξηρανθῇ

239 1945 360 1990 κατὰ
391 1952 473 1990 τοῦ
504 1948 600 2004 (τῆς
613 1949 649 2000 ?)
683 1946 896 2004 σύριγγος
929 1947 1109 2006 ἔμβαλε.
1173 1947 1230 1990 cf.
1271 1947 1412 1991 etiam
1445 1947 1745 2003 Hippocratis
1775 1959 1920 1990 reme-

241 2004 369 2048 dium
401 2005 537 2062 Hipp.
564 2020 608 2062 p.
635 2011 722 2050 270
755 2007 829 2062 (=
857 2008 1016 2050 M122
1044 2005 1211 2063 Qod').

358 2063 454 2108 240
485 2064 543 2108 Η
569 2069 655 2109 304
688 2060 772 2108 ἐὰν
805 2066 946 2116 ἵππος
975 2065 1056 2109 τὸν
1089 2061 1257 2110 ἑαυτοῦ
1285 2063 1411 2108 πόδα
1435 2066 1678 2121 μασᾶσθαι
1709 2062 1919 2119 ἄρξηται.

239 2121 417 2179 κόπρον
447 2122 595 2180 ’ὑγρὰν
626 2124 768 2174 κυνὸς
798 2124 913 2180 μετὰ
945 2123 1079 2178 ὄξους
1109 2122 1389 2181 δριμυτάτου
1414 2120 1638 2180 συμμίξας
1669 2118 1921 2166 ἕπίπλασσε

240 2188 453 2238 συνεχῶς.
517 2183 580 2226 Μ
607 2187 689 2227 147
723 2182 850 2244 αρπή
883 2197 987 2228 cum
1019 2183 1162 2228 simili
1193 2182 1425 2227 lemmate.

360 2241 681 2300 aerissimo]
713 2256 805 2287 non
838 2241 936 2287 sine
975 2240 1288 2287 haesitatione
1327 2240 1513 2285 retinui.
1560 2239 1687 2284 idem
1717 2239 1922 2285 traditur

240 2303 342 2353 249,
375 2300 456 2344 sed
487 2313 589 2344 cum
619 2305 743 2345 aceto
775 2302 994 2346 acerrimo
1027 2306 1096 2346 69.
1160 2314 1319 2346 acrum
1349 2314 1434 2357 pro
1466 2313 1612 2345 acrem
1643 2298 1814 2343 dixisse
1840 2298 1920 2343 Cn.

244 2357 441 2402 Matium
476 2357 714 2403 Charisius
745 2374 791 2415 p.
820 2364 903 2404 117
928 2359 982 2403 Κ.
1014 2361 1227 2405 testatur.
1261 2359 1310 2403 in
1342 2358 1513 2403 codicis
1544 2357 1792 2402 Iustiniani
1817 2371 1918 2402 con-

244 2417 488 2461 stitutione
513 2417 656 2474 impp.
674 2418 998 2462 Valentiniani
1023 2417 1272 2462 Theodosii
1297 2416 1485 2462 Arcadii
1503 2416 1581 2461 V5
1599 2415 1745 2461 habes
1770 2430 1921 2461 errore

244 2476 493 2520 aerissimo.
543 2476 600 2519 cf.
628 2476 836 2532 Georges
867 2476 1073 2520 Lexikon
1106 2477 1189 2520 der
1219 2477 1300 2520 lat.
1328 2476 1643 2520 Wortformen
1669 2490 1702 2518 s,
1729 2490 1771 2518 v.
1803 2489 1917 2519 acer.

360 2533 454 2578 241
495 2535 552 2579 H
579 2538 634 2578 90
681 2537 982 2591 Πελαγωνίου
1020 2534 1129 2591 περὶ
1167 2530 1358 2593 ἐκβολῆς
1400 2533 1675 2578 σπονδύλου.
1737 2540 1920 2590 πρῶτον

243 2591 425 2636 σάπωνι
456 2593 754 2649 ἀπόπλυνον,
795 2591 894 2638 εἶτα
926 2593 1063 2638 ὕδατι
1102 2593 1275 2652 ὀμβρίῳ
1315 2593 1468 2651 βαλὼν
1511 2590 1667 2636 ἔλαιον
1705 2591 1785 2635 καὶ
1818 2592 1919 2636 ὠῶν

240 2652 292 2696 τὸ
323 2652 489 2696 λευκὸν
513 2651 716 2709 ταράξας
745 2654 871 2696 ποίει
901 2651 1201 2709 ἀνακόλλημα
1231 2651 1312 2695 καὶ
1342 2658 1449 2708 χρῶ.
1482 2651 1544 2696 M
1562 2655 1645 2695 142
1679 2650 1820 2712 αρκη’
1854 2650 1921 2695 in-

242 2710 448 2755 scribens
479 2712 780 2768 Πελαγωνίου
811 2711 927 2767 πρὸς
955 2710 1209 2768 τραχήλους
1239 2713 1419 2767 μουλων
1449 2710 1564 2767 (sic).

277 2827 287 2843 x
361 2769 452 2842 2212
485 2771 542 2814 H
568 2775 623 2814 91
657 2769 779 2844 ἄλλο.
814 2775 954 2842 συκῆς
984 2769 1183 2820 κλάδους
1222 2769 1388 2826 ξηροὺς
1418 2767 1594 2818 καύσας
1632 2768 1713 2842 καὶ
1742 2767 1918 2812 τούτων

240 2844 325 2884 ‘⁶⁷²²'
355 2832 790 2932 ἒίἒραὲιέαῗρέἱν
817 2830 1271 2945 ζῖἕῖνσῗιῖἶὲξλῖἰέ
1312 2829 1906 2944 ἢΜνὲῒέυὲρέιῗρξωγότας
