2060 3232
0 3089 19 3143 ‘ii
4 3024 15 3058 2³2
0 2795 15 2991 saneta—1
0 2737 6 2766 «Ἣ
1 2706 7 2718 —›

116 231 178 276 83

117 598 181 644 84

121 1408 182 1454 85

856 83 1216 135 -52-

307 223 387 270 Ad
439 224 629 270 tussem
680 220 762 270 vel
819 219 883 268 ad
934 219 1118 268 vulsos.
1195 233 1340 266 arum
1393 217 1645 267 Gallicum
1697 219 1878 267 tundes

195 298 461 361 diligenter
498 297 549 344 et
586 296 761 357 postea
798 293 1002 341 herbam
1038 290 1383 356 parietariam,
1430 294 1482 340 et
1526 292 1688 341 denuo
1728 292 1879 340 simul

195 370 366 419 tundis
405 372 456 419 et
495 370 564 418 sic
604 367 835 431 adiungis
868 365 1140 429 axungiam
1169 367 1401 430 veterem,
1441 369 1492 414 et
1523 367 1690 414 omnia
1729 366 1880 414 simul

195 444 366 494 tundis
398 443 663 508 diligenter
693 443 744 489 et
772 440 897 488 facis
927 439 1172 503 pastillos,
1205 455 1330 502 quos
1361 440 1414 487 in
1444 440 1591 489 melle
1623 443 1674 489 et
1695 441 1879 502 butyro

196 519 347 568 deicis
384 534 474 581 per
509 516 745 564 triduum.
1926 529 1948 562 5

309 590 650 641 Glutinatoria
688 588 751 635 ad
788 588 952 636 volsos
991 586 1094 635 sive
1140 587 1382 635 hiemalis.
1445 588 1697 637 tracanthi
1729 615 1797 620 —
1829 587 1882 635 H

197 666 421 714 infundis
474 665 527 711 in
577 662 738 710 calida
792 663 843 709 et
895 660 1056 709 mittis
1102 661 1156 708 in
1202 662 1470 710 caccabum
1521 662 1657 710 faeni
1704 661 1882 710 Graeci

196 741 325 789 hem.
363 739 583 786 infusam
621 738 671 784 et
707 735 801 782 lini
839 735 1039 783 seminis
1077 735 1227 799 hem.,
1276 736 1380 784 sevi
1416 736 1596 785 hircini
1634 735 1741 800 lib.,
1780 751 1880 783 me-

197 815 365 862 dullae
405 811 630 860 cervinae
668 836 730 842 -
765 809 837 873 II,
883 809 1138 858 radiculae
1178 809 1473 858 draconteae
1511 837 1574 843 --
1608 810 1680 874 11,
1726 805 1880 874 <gen-

197 888 366 936 tianae
406 913 475 919 —-
507 885 553 948 I,
609 885 904 932 centaureae
944 910 1013 916 —
1053 879 1136 947 I,>
1194 883 1297 932 sevi
1342 884 1532 932 taurini
1576 911 1638 917 —
1680 884 1718 932 I.
1798 883 1884 932 sed
1908 898 1951 930 10

197 961 338 1024 prius
376 958 698 1007 tracanthum
741 959 870 1006 teres
920 959 971 1005 et
1008 957 1169 1005 mittis
1207 957 1336 1006 illud
1373 958 1427 1005 in
1465 958 1733 1007 caccabum
1770 973 1886 1006 cum

198 1035 290 1082 lini
328 1034 512 1082 semine
553 1034 603 1080 et
640 1032 787 1080 faeno
828 1030 1016 1080 Graeco
1057 1033 1108 1079 et
1145 1031 1338 1080 ferveat
1374 1032 1591 1096 tamdiu,
1642 1031 1885 1095 quamdiu

199 1107 576 1172 diligentissime
617 1105 927 1167 decoquatur
964 1104 1018 1152 in
1064 1121 1219 1169 aqua,
1269 1105 1323 1152 in
1362 1122 1463 1168 qua
1501 1106 1744 1154 infuderis
1782 1107 1884 1153 tra-

199 1182 449 1231 canthum.
529 1180 599 1228 sic
642 1181 819 1242 postea
866 1178 1033 1228 omnia
1079 1178 1229 1227 simul
1275 1180 1560 1229 commisces
1607 1182 1658 1228 et
1703 1179 1884 1228 deteris

199 1258 250 1304 et
287 1255 447 1303 mittis
486 1254 539 1301 in
577 1253 844 1301 caccabum
888 1252 1024 1315 passi
1062 1253 1302 1302 sextarios
1340 1253 1418 1301 ΙΠ
1465 1256 1516 1302 et
1561 1254 1795 1316 decoquis
1836 1254 1887 1302 et
1910 1265 1954 1299 15

198 1330 268 1378 sic
306 1346 396 1392 per
433 1343 587 1377 cornu
615 1327 776 1375 'deicis
814 1327 996 1376 triduo.

311 1403 441 1451 Item
491 1402 592 1450 alia
640 1401 865 1449 Emeriti.
935 1402 988 1448 in
1035 1417 1186 1464 aqua.
1215 1418 1446 1450 acronem
1490 1403 1731 1467 pinguem
1774 1417 1887 1464 por-

201 1477 371 1526 cinum
409 1477 627 1538 decoque
667 1477 718 1523 et
754 1477 929 1537 postea
968 1490 1141 1524 exossa
1181 1478 1231 1524 et
1260 1475 1422 1524 mittis
1452 1476 1599 1524 illum
1629 1477 1682 1523 in
1720 1491 1887 1524 cacca-

199 1551 379 1599 bulum
425 1566 539 1598 cum
583 1549 720 1611 passi
766 1551 885 1597 sext.
926 1549 1004 1596 ΙΠ
1042 1551 1093 1597 et
1131 1552 1251 1598 sext.
1297 1550 1491 1599 tisanae
1538 1551 1640 1599 iam
1677 1550 1887 1613 infusae,

201 1627 253 1673 et
305 1625 417 1686 ipsa
470 1623 620 1671 simul
674 1623 740 1670 sit
791 1623 844 1670 in
898 1639 1063 1687 aquas
1106 1623 1159 1670 in
1213 1640 1315 1686 qua
1365 1640 1478 1673 acro
1529 1625 1761 1673 decoctus
1812 1625 1889 1672 est
1913 1636 1956 1668 20

202 1699 283 1747 vel
320 1698 487 1746 tisana
524 1697 705 1744 infusa.
784 1697 1017 1761 adiungis
1057 1697 1209 1744 simul
1245 1699 1504 1759 praeterea
1543 1699 1737 1763 glutem
1775 1700 1887 1746 tau-

201 1773 366 1820 rinam
414 1773 465 1819 et
515 1771 643 1819 aceti
693 1770 820 1819 acris
867 1771 1120 1819 heminam
1168 1771 1446 1836 dimidiam,
1502 1774 1553 1821 et
1602 1773 1671 1820 sic
1722 1772 1889 1821 omnia

204 1846 355 1894 simul
393 1844 587 1893 tamdiu
625 1845 872 1908 ferveant,
912 1847 973 1892 ut
1010 1845 1191 1907 chylon
1229 1846 1430 1894 faciant.
1499 1848 1759 1908 praeterea
1796 1845 1889 1893 lini

204 1935 384 1983 semen,
415 1919 751 1982 tracanthum,
786 1919 889 1966 iam
911 1918 1079 1966 infusa
1102 1919 1155 1966 in
1188 1920 1350 1967 calida
1381 1936 1497 1967 cum
1526 1920 1673 1969 faeno
1693 1920 1887 1968 Graeco

204 1993 438 2055 decoquis
486 1994 536 2041 et
581 1994 911 2055 posteaquam
961 1993 1170 2056 coxeriS,
1216 1994 1336 2041 teris
1381 1994 1435 2041 in
1479 1994 1718 2042 mortario
1758 2010 1888 2041 mar-
1914 2005 1956 2038 25

203 2083 370 2116 moreo
426 2069 476 2114 et
531 2066 600 2114 sic
654 2066 808 2114 adicis
860 2066 923 2114 ad
985 2066 1243 2129 superiora
1297 2070 1347 2116 et
1399 2067 1585 2115 iterum
1638 2068 1886 2130 decoquis.

206 2157 334 2203 quae
359 2157 473 2189 cum
503 2140 670 2189 omnia
695 2141 844 2188 simul
868 2140 1135 2204 diligenter
1158 2141 1421 2206 decoxeris,
1448 2142 1681 2206 adiungis
1713 2157 1891 2190 sucum

203 2214 385 2263 herbae
409 2214 708 2276 parietariae
737 2216 788 2262 et
817 2214 1092 2262 medullam
1123 2215 1374 2264 cervinam
1405 2231 1520 2264 cum
1551 2231 1665 2264 sevo
1697 2215 1888 2264 hircino

205 2291 256 2336 et
293 2289 363 2336 sic
403 2288 569 2337 omnia
608 2288 760 2336 simul
798 2288 1031 2351 decoquis
1072 2291 1123 2336 et
1153 2289 1277 2337 facis
1307 2289 1577 2353 potionem,
1619 2306 1771 2352 quam
1801 2306 1891 2351 per

206 2378 359 2411 cornu
406 2362 546 2409 dabis
594 2362 766 2411 diebus
814 2364 1003 2423 septem
1049 2365 1140 2410 aut
1184 2379 1375 2412 novem.
1447 2379 1564 2412 sane
1614 2364 1891 2425 intepescat
1913 2374 1958 2407 30

326 2596 351 2635 3
385 2590 671 2646 auxungiam
694 2592 710 2647 ΙΙ
742 2594 768 2634 6
807 2589 1013 2634 tracanti
1042 2593 1057 2647 ΙΙ
1089 2595 1113 2634 7
1148 2589 1323 2635 callida
1352 2592 1367 2647 ΙΙ
1398 2597 1424 2635 9
1466 2590 1667 2636 radiolas
1705 2593 1890 2636 tracon—

206 2652 309 2693 teas
343 2675 398 2682 —-
431 2649 476 2692 II
505 2650 552 2695 R
599 2647 725 2707 ῥίζης
763 2649 1044 2706 δρακοντίας
1073 2653 1128 2706 γό
1168 2647 1208 2694 c'
1245 2650 1308 2694 M
1336 2651 1541 2706 (unciam
1579 2665 1722 2694 unam
1760 2651 1892 2705 ponit

219 2708 443 2766 Veyetius)
465 2711 480 2765 ΙΙ
505 2715 546 2753 9.
576 2714 630 2753 10
654 2710 869 2753 lacunam
891 2710 1067 2765 explevi
1089 2723 1144 2753 ex
1167 2722 1386 2753 consensu
1409 2709 1521 2754 Met
1547 2709 1649 2766 Vey.
1673 2710 1688 2766 ΙΙ
1716 2714 1767 2753 11
1795 2711 1891 2752 tra-

208 2771 398 2810 cantum
422 2769 439 2823 ΙΙ
465 2772 517 2810 12
551 2768 656 2812 feno
685 2770 693 2824 Ι
718 2767 871 2812 feruet
900 2767 1063 2811 tandiu
1087 2769 1103 2823 ΙΙ
1129 2771 1182 2811 15
1216 2768 1374 2812 mittes
1397 2770 1413 2825 ΙΙ
1440 2772 1492 2811 17
1525 2766 1648 2812 aliae
1673 2767 1830 2812 meriti
1846 2769 1893 2813 R

204 2823 450 2882 “Ημερίτοὐ
479 2826 539 2870 Μ
559 2829 575 2883 ΙΙ
598 2831 654 2871 22
687 2826 827 2885 acris]
859 2828 960 2882 agri
988 2831 994 2882 Ι
1022 2825 1157 2880 ὄξους
1187 2824 1373 2885 δριμέος
1404 2823 1453 2870 δ’
1489 2827 1551 2871 Μ
1571 2828 1586 2883 ΙΙ
1610 2831 1665 2872 23
1691 2828 1854 2872 tandiu
1883 2828 1887 2885 Ι

211 2885 411 2929 choelon
434 2887 449 2942 ΙΙ
472 2889 530 2929 24
562 2885 738 2930 callida
759 2886 775 2941 ss
798 2890 855 2930 28
886 2885 1123 2930 medulam
