2060 3232
891 131 955 139 -
1039 102 1146 155 190
1226 131 1288 139 -

250 231 477 277 moniaca.
511 244 535 276 e
568 230 726 278 codice
758 232 803 275 B
835 230 1116 276 Eichenfeld
1138 230 1341 289 primum
1366 231 1579 277 ediderat
1609 246 1739 290 quae,
1771 233 1939 278 iterum

251 289 437 348 (Annal.
461 289 663 336 Vindob.
688 295 745 335 44
768 305 812 347 p.
842 294 947 348 159)
991 305 1136 348 uuae,
1174 292 1262 336 hoc
1301 294 1440 336 recte.
1505 294 1630 346 quod
1669 294 1949 337 exaraverat}

253 378 405 424 scriba.
437 378 609 424 codicis
640 378 687 423 R
717 393 839 439 aue,
871 378 941 423 ita
972 379 1173 424 correxit
1196 378 1456 424 Politianus
1487 394 1602 441 wae;
1627 394 1792 436 passae
1816 380 1941 436 quod

250 438 332 483 ille
367 438 616 506 scripserat
647 413 864 507 quodqlie
894 438 943 482 in
976 437 1181 483 editione
1215 438 1475 484 Sarehianii
1500 424 1643 493 extat,
1675 438 1942 484 Politianus

252 496 443 542 delevit.
506 511 563 542 ea
601 509 719 552 quae
758 498 891 541 uncis
933 496 1225 542 cn·cumclusi
1264 511 1320 541 ex
1360 502 1446 542 394
1492 498 1542 542 in
1581 475 1937 543 Riccardianum
2007 506 2011 508 ’

250 555 558 659 inrepggau}
582 618 662 658 181
692 613 802 658 ἄλλο
826 613 942 671 πρὸς
971 612 1128 657 πάντα
1159 613 1217 657 τὰ
1250 609 1380 664 ἐντὸς
1410 615 1562 672 πάθη.
1628 617 1687 659 Μ
1717 620 1773 659 87
1799 614 1938 673 φοθῖ

376 673 470 719 395
502 673 560 717 H
585 677 670 716 281
704 672 997 746 προπότισμα
1021 673 1232 730 θερινόν.
1266 672 1460 730 ὁρμίνου
1486 673 1745 732 σπέρματος
1767 674 1945 733 ἡμίναν

252 730 363 790 μίαν
395 735 487 778 κτλ.
552 733 612 776 Μ
646 737 729 776 110
762 730 876 785 cotg'.

370 799 464 844 396
508 800 570 843 Μ
599 803 651 842 91
687 796 782 855 χις’
830 797 971 872 πρὸς
985 798 1093 849 τους
1130 797 1188 842 τὰ
1229 793 1359 849 ἐντὸς
1396 798 1661 856 πάσχοντας
1698 799 1807 850 τοὺς
1844 800 1938 844 ὑπὸ

251 858 393 903 νόσου
425 856 788 915 πειραζομένους
817 856 1126 914 προπότισμα.
1188 857 1334 916 τούτῳ
1366 859 1427 917 τῷ
1469 857 1737 933 βοηθήματι
1774 857 1856 902 καὶ
1887 855 1940 903 οἴ

252 918 420 975 ξηροὺς
452 916 636 990 ἔχοντες
665 917 773 967 τοὺς
797 922 1033 990 μυκτῆρας
1065 917 1262 974 εὐχερῶς
1291 903 1662 991 θεραπεύονται·
1711 916 1940 973 πτισάνης

251 974 847 1085 ἕξῖἱῖζίέᾜέίεῗυέἕῖωῗῗ
867 974 1367 1107 ἷέἔοῗνουὲσὲώπῖῗοῖἒ
1399 976 1484 1110 5³?
1503 975 1800 1092 mmm
1806 975 1940 1092 ,μὲἓὰ

250 1093 398 1151 γάνου
445 1097 623 1151 χλωροῦ
682 1092 880 1150 δεμάτια
928 1093 992 1152 β’,
1039 1092 1208 1147 τήλεως
1253 1094 1333 1137 καὶ
1389 1094 1600 1154 φάβατος
1645 1094 1858 1145 κυάθους
1889 1093 1937 1142 ς’

253 1153 410 1197 πάντα
457 1152 523 1203 εἰς
569 1153 762 1211 ὄμβριον
808 1151 934 1209 υδωρ
989 1151 1242 1208 ἀφεψήσας
1294 1154 1452 1209 δίδου,
1499 1153 1727 1212 πρότερον
1778 1152 1938 1211 μέντοι

252 1211 461 1269 χλιοὶνας.
490 1211 542 1256 cf
549 1213 677 1268 ..Veg
688 1211 728 1256 V
743 1215 814 1264 26,
825 1216 853 1254 4
871 1226 938 1267 sq.
959 1213 1002 1255 si
1023 1212 1220 1256 mandas
1241 1226 1378 1257 nares
1399 1213 1623 1269 habuerit,
1654 1215 1738 1258 hae
1760 1215 1942 1258 ratione

249 1272 434 1317 curabis
473 1273 683 1328 (curatur
722 1270 854 1315 Corb.
859 1272 898 1327 ):
936 1284 1174 1316 cremorem
1207 1271 1423 1326 ptisanae
1461 1277 1503 1316 et
1533 1273 1706 1327 defruti
1735 1272 1941 1330 (defricti

253 1331 407 1387 Corb.)
434 1331 564 1375 binos
580 1330 763 1388 cyathos
782 1344 866 1385 per
886 1330 1094 1374 triduum
1126 1330 1259 1374 dabis
1285 1332 1471 1387 tepidos.
1497 1336 1737 1388 praeterea
1751 1331 1934 1390 hyssopi

248 1391 412 1435 uncias
437 1394 668 1447 quattuor,
692 1390 779 1434 alii
803 1389 1068 1445 (traduntur
1092 1389 1211 1445 allii,
1236 1390 1340 1445 alei,
1371 1390 1538 1447 aleam)
1562 1391 1729 1435 viridis
1750 1403 1937 1434 mannan

253 1450 451 1506 plenam,
475 1449 662 1505 palmas
683 1461 871 1493 numero
893 1449 1077 1504 viyinti,
1099 1449 1228 1503 faeni
1254 1448 1421 1494 Graeci
1444 1450 1628 1506 cyathos
1649 1463 1743 1506 sex,
1773 1462 1942 1507 aquam

251 1509 546 1553 cisterninam
582 1513 624 1553 et
659 1508 815 1552 vinnm
847 1508 1087 1552 odoratum
1116 1512 1242 1552 vetus
1265 1509 1448 1564 pariter
1479 1508 1710 1563 admisces,
1742 1509 1934 1565 diliyen-

250 1569 420 1612 tissime
458 1568 590 1623 decoq
593 1580 671 1611 ues
709 1571 750 1611 et
782 1567 1014 1623 potionem
1047 1580 1133 1622 per
1170 1567 1375 1612 triduum
1420 1568 1565 1612 dabis.
1626 1567 1666 1611 is
1706 1567 1721 1612 i
1725 1567 1851 1624 gitur
1888 1566 1939 1610 in

252 1640 334 1670 suo
368 1625 624 1682 exemplari
655 1625 780 1681 quod.
821 1625 988 1670 seclusi
1022 1639 1111 1681 per
1149 1627 1355 1670 triduum
1393 1625 1580 1670 videtur
1617 1583 1802 1683 legisgse.
1861 1624 1937 1669 bis

253 1685 399 1742 quod
414 1685 590 1742 legitur
628 1684 718 1729 hoc
762 1683 1021 1728 remedium
1061 1683 1186 1739 (vide
1232 1687 1351 1741 372),
1395 1685 1494 1729 eius
1541 1685 1621 1741 qui
1661 1698 1717 1729 ex
1756 1684 1938 1730 duobus

261 1744 498 1789 codicibus
532 1745 867 1788 ‘commentum
898 1744 1013 1788 artis
1045 1742 1374 1789 veterinariae'
1410 1744 1640 1799 conflavit,
1675 1744 1813 1802 culpa
1846 1743 1941 1788 fac-

249 1806 349 1848 tum
381 1804 581 1847 videtur.

369 1862 460 1907 397
498 1863 560 1906 Μ
574 1867 629 1907 99
662 1859 784 1918 χπθ’
802 1861 918 1918 πρὸς
941 1861 1282 1913 ἀποστατικούς
1304 1863 1486 1919 (manus
1510 1862 1740 1907 recentior
1763 1860 1938 1906 adiecit

250 1921 330 1965 καὶ
355 1919 630 1978 λακτιστοὲς).
662 1920 801 1974 ξύλου
819 1920 970 1976 φύλλα
994 1921 1074 1964 καὶ
1099 1919 1268 1977 κέδρου
1293 1920 1374 1964 καὶ
1398 1921 1594 1965 κωνείου
1621 1919 1791 1978 (omibfi.
1816 1935 1937 1965 sam-

248 1981 437 2037 bucum)
470 1979 648 2036 ἕψησον
682 1978 749 2030 εἰς
785 1978 911 2037 υδωρ
936 1979 1018 2023 καὶ
1049 1979 1285 2054 διηθήσας
1322 1983 1472 2030 καλῶς
1509 1979 1780 2037 προπότιζε,
1819 1978 1935 2024 ωστε

249 2039 639 2113 ἀποκοιμηθῆναι
669 2039 750 2082 καὶ
773 2038 928 2095 λήθην
960 2038 1104 2083 αυτὸν
1135 2040 1297 2098 λαβεῖν
1321 2045 1403 2082 τοῦ
1429 2036 1551 2083 ἰδίου
1576 2040 1819 2095 δαί·μονος
1853 2038 1936 2082 καὶ

249 2098 364 2172 μετὰ
394 2105 530 2142 τοῦτο
564 2094 775 2152 ἐξύπνιζε
807 2097 888 2141 καὶ
919 2099 1045 2142 ποίει
1076 2098 1352 2142 ἀναπατεῖν.
1423 2096 1468 2142 εἰ
1496 2097 1548 2142 δὲ
1580 2097 1661 2141 καὶ
1691 2097 1936 2154 λακτιστὴς

247 2151 387 2217 ᾗ,τῷ
419 2158 543 2216 αὐτῷ
575 2157 721 2215 χρήσῃ
755 2155 1024 2231 βοηθήματι
1053 2155 1333 2214 προσφέρων
1358 2156 1583 2201 καὶκατὰ
1604 2163 1686 2201 τοῦ
1719 2156 1934 2214 ὀμφαλοῦ

251 2203 436 2274 ψυχρὸν
467 2202 606 2273 ὕδωρ.
676 2223 769 2274 χρῶ
801 2215 853 2260 δὲ
886 2216 946 2266 ὡς
977 2215 1279 2275 ἀληθεστάτῳ
1313 2215 1594 2275 βοηθήματι.

367 2283 461 2327 398
494 2284 551 2328 H
577 2287 658 2327 281
694 2281 987 2340 προπότισμα
1011 2282 1127 2339 πρὸς
1149 2298 1305 2326 παντα
1329 2282 1491 2327 πόνον.
1549 2279 1709 2340 ξηρίον
1733 2281 1934 2337 ποιήσας

251 2341 345 2386 απὸ
379 2341 581 2401 βησάλου
613 2345 817 2386 παλαιοῦ
850 2341 931 2385 καὶ
954 2343 1211 2399 προσμίξας
1235 2338 1424 2416 ρητίνης
1446 2342 1771 2400 τερεβινθίνης
1801 2348 1854 2398 γό
1880 2341 1933 2385 α’

252 2397 303 2445 ἓν
335 2400 474 2444 ῧδατι
504 2404 666 2459 θερμῷ
698 2402 835 2445 δίδου
865 2401 947 2444 καὶ
978 2407 1072 2458 χρῶ
1104 2401 1164 2451 ὡς
1195 2399 1384 2474 δοκίμῳ
1446 2402 1509 2475 Μ
1537 2406 1620 2445 110
1653 2401 1776 2456 ωιη’.

367 2446 663 2517 pulverem
693 2459 918 2517 lateris]
954 2460 1138 2515 ξηρίον
1153 2458 1352 2515 ποιήσας
1383 2459 1476 2504 ἀπὸ
1519 2460 1722 2533 βησάλου
1754 2459 1817 2505 H'.
1873 2459 1931 2505 cf.

250 2475 398 2575 Corpp
410 2519 547 2593 gloss.
571 2518 614 2561 II
636 2534 681 2576 p.
710 2523 792 2562 121
826 2519 1095 2563 laterculum
1127 2518 1353 2577 βήσαλον,
1393 2535 1436 2576 p.
1465 2523 1550 2563 257
1584 2517 1786 2577 βήσαλον
1819 2518 1934 2562 later

249 2583 422 2633 coctas,
471 2576 651 2637 βήσαλα
697 2578 930 2643 latercula.
994 2575 1197 2636 βήσαλον
1235 2578 1388 2622 insere
1427 2577 1588 2622 lexicis
1629 2577 1705 2632 (cf.
1732 2575 1935 2621 Vitruvii

250 2638 459 2682 laterculi
490 2637 679 2683 bessales
711 2634 792 2692 qui
821 2635 992 2680 rectius
1024 2636 1190 2681 besales
1220 2634 1499 2693 scribuntur,
1530 2635 1572 2680 V
1599 2639 1666 2679 10.
1714 2635 1801 2680 VII
1825 2638 1885 2692 4).

370 2703 465 2748 399
497 2702 555 2747 cf.
581 2708 666 2748 407
698 2708 746 2748 et
777 2703 892 2760 Veg.
918 2702 959 2746 V
984 2706 1056 2756 42,
1081 2707 1123 2746 2.

367 2769 463 2815 400
493 2768 544 2814 Η
578 2774 661 2814 281
704 2769 825 2814 ἄλλο.
889 2767 1093 2827 βοτάνην
1124 2768 1209 2824 τὴν
1240 2765 1493 2843 λεγομένην
1518 2766 1799 2824 Ηράκλειαν
1829 2767 1935 2822 ἤτοι

249 2829 511 2873 πανάκειον
544 2829 620 2886 (cf.
645 2828 764 2874 Plin.
788 2828 916 2872 XXV
939 2832 1013 2874 32)
1046 2828 1237 2878 λειώσας
1268 2826 1381 2884 μετὰ
1414 2828 1544 2871 οἴνου
1569 2831 1771 2872 παλαιοῦ
1796 2828 1932 2871 δίδου

252 2887 313 2938 ὡς
345 2885 631 2946 προείρηται.
695 2888 756 2932 Μ
785 2891 869 2931 110
901 2885 1031 2930 ωιθῖ
