<?xml version="1.0" encoding="UTF-8"?>
<!DOCTYPE html PUBLIC "-//W3C//DTD XHTML 1.0 Transitional//EN"
    "http://www.w3.org/TR/xhtml1/DTD/xhtml1-transitional.dtd">
<html xmlns="http://www.w3.org/1999/xhtml" xml:lang="en" lang="en">
 <head>
  <title>
</title>
<meta http-equiv="Content-Type" content="text/html;charset=utf-8" />
  <meta name='ocr-system' content='tesseract 3.04.00' />
  <meta name='ocr-capabilities' content='ocr_page ocr_carea ocr_par ocr_line ocrx_word'/>
</head>
<body>
  <div class='ocr_page' id='page_1' title='image "artisveterinaria00pelauoft_0010.png"; bbox 0 0 2060 3232; ppageno 0'>
   <div class='ocr_carea' id='block_1_1' title="bbox 850 84 1175 135">
    <p class='ocr_par' dir='ltr' id='par_1_1' title="bbox 850 84 1175 135">
     <span class='ocr_line' id='line_1_1' title="bbox 850 84 1175 135; baseline -0.003 -14"><span class='ocrx_word' id='word_1_1' title='bbox 850 84 1175 135; x_wconf 57' lang='lat'>„4-</span> 
     </span>
    </p>
   </div>
   <div class='ocr_carea' id='block_1_2' title="bbox 178 218 1868 1528">
    <p class='ocr_par' dir='ltr' id='par_1_2' title="bbox 178 218 1868 1528">
     <span class='ocr_line' id='line_1_2' title="bbox 178 218 1863 282; baseline -0.002 -11"><span class='ocrx_word' id='word_1_2' title='bbox 178 225 311 271; x_wconf 91' lang='lat' dir='ltr'>inter</span> <span class='ocrx_word' id='word_1_3' title='bbox 339 222 475 272; x_wconf 86' lang='lat' dir='ltr'>viros</span> <span class='ocrx_word' id='word_1_4' title='bbox 508 221 680 269; x_wconf 85' lang='lat' dir='ltr'>doctos</span> <span class='ocrx_word' id='word_1_5' title='bbox 711 219 974 269; x_wconf 71' lang='lat' dir='ltr'>constabat</span> <span class='ocrx_word' id='word_1_6' title='bbox 1005 219 1370 282; x_wconf 87' lang='lat' dir='ltr'>intellegetque</span> <span class='ocrx_word' id='word_1_7' title='bbox 1402 218 1489 281; x_wconf 85' lang='lat' dir='ltr'>qui</span> <span class='ocrx_word' id='word_1_8' title='bbox 1518 218 1863 267; x_wconf 85' lang='lat' dir='ltr'>Florentinam</span> 
     </span>
     <span class='ocr_line' id='line_1_3' title="bbox 180 285 1862 359; baseline -0.002 -15"><span class='ocrx_word' id='word_1_9' title='bbox 180 297 453 344; x_wconf 73' lang='lat' dir='ltr'>editionem</span> <span class='ocrx_word' id='word_1_10' title='bbox 491 310 605 343; x_wconf 91' lang='lat' dir='ltr'>cum</span> <span class='ocrx_word' id='word_1_11' title='bbox 642 309 755 342; x_wconf 90' lang='lat' dir='ltr'>mea</span> <span class='ocrx_word' id='word_1_12' title='bbox 795 285 1229 359; x_wconf 75' lang='lat' dir='ltr'>comparaverit1).</span> <span class='ocrx_word' id='word_1_13' title='bbox 1289 291 1501 346; x_wconf 58' lang='lat' dir='ltr'>,duobus</span> <span class='ocrx_word' id='word_1_14' title='bbox 1541 293 1684 340; x_wconf 89' lang='lat' dir='ltr'>annis</span> <span class='ocrx_word' id='word_1_15' title='bbox 1723 294 1862 340; x_wconf 90' lang='lat' dir='ltr'>ante-</span> 
     </span>
     <span class='ocr_line' id='line_1_4' title="bbox 181 365 1864 432; baseline -0.002 -14"><span class='ocrx_word' id='word_1_16' title='bbox 181 386 334 432; x_wconf 85' lang='lat' dir='ltr'><strong>quam</strong></span> <span class='ocrx_word' id='word_1_17' title='bbox 374 369 527 417; x_wconf 88' lang='lat' dir='ltr'>editio</span> <span class='ocrx_word' id='word_1_18' title='bbox 567 368 659 415; x_wconf 89' lang='lat' dir='ltr'>illa</span> <span class='ocrx_word' id='word_1_19' title='bbox 703 368 869 415; x_wconf 89' lang='lat' dir='ltr'>lucem</span> <span class='ocrx_word' id='word_1_20' title='bbox 907 366 1124 429; x_wconf 86' lang='lat' dir='ltr'>videret,</span> <span class='ocrx_word' id='word_1_21' title='bbox 1170 365 1415 428; x_wconf 85' lang='lat' dir='ltr'>Iosephus</span> <span class='ocrx_word' id='word_1_22' title='bbox 1462 366 1522 414; x_wconf 91' lang='lat' dir='ltr'>de</span> <span class='ocrx_word' id='word_1_23' title='bbox 1568 365 1864 414; x_wconf 82' lang='lat' dir='ltr'>Eichenfeld</span> 
     </span>
     <span class='ocr_line' id='line_1_5' title="bbox 178 439 1864 503; baseline -0.002 -14"><span class='ocrx_word' id='word_1_24' title='bbox 178 441 580 492; x_wconf 89' lang='lat' dir='ltr'>Vindobonensis</span> <span class='ocrx_word' id='word_1_25' title='bbox 619 442 986 489; x_wconf 88' lang='lat' dir='ltr'>commentatus</span> <span class='ocrx_word' id='word_1_26' title='bbox 1026 442 1103 488; x_wconf 88' lang='lat' dir='ltr'>est</span> <span class='ocrx_word' id='word_1_27' title='bbox 1141 439 1411 503; x_wconf 82' lang='lat' dir='ltr'>diligenter</span> <span class='ocrx_word' id='word_1_28' title='bbox 1449 440 1509 487; x_wconf 91' lang='grc'>(10</span> <span class='ocrx_word' id='word_1_29' title='bbox 1542 439 1710 487; x_wconf 91' lang='lat' dir='ltr'>codice</span> <span class='ocrx_word' id='word_1_30' title='bbox 1744 439 1864 487; x_wconf 93' lang='lat' dir='ltr'>olim</span> 
     </span>
     <span class='ocr_line' id='line_1_6' title="bbox 178 510 1865 579; baseline -0.002 -14"><span class='ocrx_word' id='word_1_31' title='bbox 178 515 437 579; x_wconf 90' lang='lat' dir='ltr'>Bobiensi,</span> <span class='ocrx_word' id='word_1_32' title='bbox 490 530 622 563; x_wconf 90' lang='lat' dir='ltr'>nunc</span> <span class='ocrx_word' id='word_1_33' title='bbox 668 510 1045 562; x_wconf 90' lang='lat' dir='ltr'>Vindobonensi</span> <span class='ocrx_word' id='word_1_34' title='bbox 1095 515 1182 576; x_wconf 88' lang='lat'>16,</span> <span class='ocrx_word' id='word_1_35' title='bbox 1239 512 1382 560; x_wconf 90' lang='lat' dir='ltr'>cuius</span> <span class='ocrx_word' id='word_1_36' title='bbox 1439 513 1764 576; x_wconf 88' lang='lat' dir='ltr'>septuaginta</span> <span class='ocrx_word' id='word_1_37' title='bbox 1813 515 1865 561; x_wconf 87' lang='lat' dir='ltr'>et</span> 
     </span>
     <span class='ocr_line' id='line_1_7' title="bbox 181 581 1865 652; baseline -0.004 -14"><span class='ocrx_word' id='word_1_38' title='bbox 181 605 268 638; x_wconf 86' lang='lat' dir='ltr'>sex</span> <span class='ocrx_word' id='word_1_39' title='bbox 297 590 420 638; x_wconf 89' lang='lat' dir='ltr'>folia</span> <span class='ocrx_word' id='word_1_40' title='bbox 450 588 694 650; x_wconf 87' lang='lat' dir='ltr'>rescripta</span> <span class='ocrx_word' id='word_1_41' title='bbox 725 581 911 652; x_wconf 67' lang='lat' dir='ltr'>sunt2).</span> <span class='ocrx_word' id='word_1_42' title='bbox 967 587 1002 635; x_wconf 79' lang='lat' dir='ltr'>f.</span> <span class='ocrx_word' id='word_1_43' title='bbox 1037 588 1103 635; x_wconf 86' lang='lat'>37</span> <span class='ocrx_word' id='word_1_44' title='bbox 1113 587 1252 633; x_wconf 86' lang='lat'>—41</span> <span class='ocrx_word' id='word_1_45' title='bbox 1290 601 1417 647; x_wconf 91' lang='lat' dir='ltr'>quae</span> <span class='ocrx_word' id='word_1_46' title='bbox 1449 586 1708 633; x_wconf 70' lang='lat' dir='ltr'>continent</span> <span class='ocrx_word' id='word_1_47' title='bbox 1730 586 1865 648; x_wconf 86' lang='lat' dir='ltr'>frag-</span> 
     </span>
     <span class='ocr_line' id='line_1_8' title="bbox 179 659 1863 724; baseline -0.003 -13"><span class='ocrx_word' id='word_1_48' title='bbox 179 661 803 724; x_wconf 62' lang='lat' dir='ltr'>menta&#39;Hippiatricorum</span> <span class='ocrx_word' id='word_1_49' title='bbox 826 660 1123 708; x_wconf 91' lang='lat' dir='ltr'>Latinorum</span> <span class='ocrx_word' id='word_1_50' title='bbox 1154 659 1233 708; x_wconf 86' lang='lat' dir='ltr'>vir</span> <span class='ocrx_word' id='word_1_51' title='bbox 1262 659 1349 707; x_wconf 89' lang='lat' dir='ltr'>ille</span> <span class='ocrx_word' id='word_1_52' title='bbox 1375 659 1551 707; x_wconf 92' lang='lat' dir='ltr'>doctus</span> <span class='ocrx_word' id='word_1_53' title='bbox 1582 659 1863 722; x_wconf 86' lang='lat' dir='ltr'>liquoribus</span> 
     </span>
     <span class='ocr_line' id='line_1_9' title="bbox 180 726 1866 797; baseline -0.002 -13"><span class='ocrx_word' id='word_1_54' title='bbox 180 736 413 784; x_wconf 86' lang='lat' dir='ltr'>chemicis</span> <span class='ocrx_word' id='word_1_55' title='bbox 426 751 525 783; x_wconf 92' lang='lat' dir='ltr'>non</span> <span class='ocrx_word' id='word_1_56' title='bbox 544 734 781 782; x_wconf 86' lang='lat' dir='ltr'>adhibitis</span> <span class='ocrx_word' id='word_1_57' title='bbox 798 733 1063 782; x_wconf 84' lang='lat' dir='ltr'>extricavit</span> <span class='ocrx_word' id='word_1_58' title='bbox 1072 726 1133 797; x_wconf 83' lang='lat'>3).</span> <span class='ocrx_word' id='word_1_59' title='bbox 1165 732 1410 781; x_wconf 88' lang='lat' dir='ltr'>tribuitur</span> <span class='ocrx_word' id='word_1_60' title='bbox 1427 734 1598 780; x_wconf 90' lang='lat' dir='ltr'>autem</span> <span class='ocrx_word' id='word_1_61' title='bbox 1615 732 1866 795; x_wconf 88' lang='lat' dir='ltr'>scriptura</span> 
     </span>
     <span class='ocr_line' id='line_1_10' title="bbox 180 805 1866 870; baseline -0.002 -14"><span class='ocrx_word' id='word_1_62' title='bbox 180 809 319 870; x_wconf 90' lang='lat' dir='ltr'>prior</span> <span class='ocrx_word' id='word_1_63' title='bbox 349 809 548 857; x_wconf 90' lang='lat' dir='ltr'>saeculo</span> <span class='ocrx_word' id='word_1_64' title='bbox 574 808 619 854; x_wconf 87' lang='lat' dir='ltr'><strong>V</strong></span> <span class='ocrx_word' id='word_1_65' title='bbox 642 808 727 857; x_wconf 84' lang='lat' dir='ltr'>vel</span> <span class='ocrx_word' id='word_1_66' title='bbox 751 807 842 870; x_wconf 92' lang='lat' dir='ltr'><strong>VI,</strong></span> <span class='ocrx_word' id='word_1_67' title='bbox 873 806 1123 869; x_wconf 89' lang='lat' dir='ltr'>posterior</span> <span class='ocrx_word' id='word_1_68' title='bbox 1147 806 1346 854; x_wconf 89' lang='lat' dir='ltr'>saeculo</span> <span class='ocrx_word' id='word_1_69' title='bbox 1370 806 1497 854; x_wconf 91' lang='lat' dir='ltr'><strong>VIII</strong></span> <span class='ocrx_word' id='word_1_70' title='bbox 1519 806 1602 856; x_wconf 82' lang='lat' dir='ltr'>vel</span> <span class='ocrx_word' id='word_1_71' title='bbox 1624 805 1709 854; x_wconf 93' lang='lat' dir='ltr'>IX.</span> <span class='ocrx_word' id='word_1_72' title='bbox 1764 806 1866 853; x_wconf 90' lang='lat' dir='ltr'>iam</span> 
     </span>
     <span class='ocr_line' id='line_1_11' title="bbox 182 879 1867 943; baseline -0.002 -13"><span class='ocrx_word' id='word_1_73' title='bbox 182 882 317 930; x_wconf 89' lang='lat' dir='ltr'>edito</span> <span class='ocrx_word' id='word_1_74' title='bbox 358 881 637 930; x_wconf 85' lang='lat' dir='ltr'>Sarchianii</span> <span class='ocrx_word' id='word_1_75' title='bbox 675 880 802 929; x_wconf 89' lang='lat' dir='ltr'>libro</span> <span class='ocrx_word' id='word_1_76' title='bbox 842 895 956 928; x_wconf 93' lang='lat' dir='ltr'>cum</span> <span class='ocrx_word' id='word_1_77' title='bbox 985 880 1248 943; x_wconf 91' lang='lat' dir='ltr'>Pelagonii</span> <span class='ocrx_word' id='word_1_78' title='bbox 1278 881 1564 943; x_wconf 87' lang='lat' dir='ltr'>fragmenta</span> <span class='ocrx_word' id='word_1_79' title='bbox 1596 894 1702 927; x_wconf 80' lang='lat' dir='ltr'>esse</span> <span class='ocrx_word' id='word_1_80' title='bbox 1734 879 1867 927; x_wconf 91' lang='lat' dir='ltr'>idem</span> 
     </span>
     <span class='ocr_line' id='line_1_12' title="bbox 179 953 1866 1017; baseline -0.002 -13"><span class='ocrx_word' id='word_1_81' title='bbox 179 955 259 1004; x_wconf 89' lang='lat' dir='ltr'>vir</span> <span class='ocrx_word' id='word_1_82' title='bbox 295 955 526 1017; x_wconf 84' lang='lat' dir='ltr'>vidisset,</span> <span class='ocrx_word' id='word_1_83' title='bbox 575 954 806 1002; x_wconf 87' lang='lat' dir='ltr'>editionis</span> <span class='ocrx_word' id='word_1_84' title='bbox 845 954 984 1002; x_wconf 91' lang='lat' dir='ltr'>illius</span> <span class='ocrx_word' id='word_1_85' title='bbox 1025 968 1286 1002; x_wconf 87' lang='lat' dir='ltr'>censuram</span> <span class='ocrx_word' id='word_1_86' title='bbox 1325 953 1526 1015; x_wconf 88' lang='lat' dir='ltr'>scripsit</span> <span class='ocrx_word' id='word_1_87' title='bbox 1570 953 1866 1001; x_wconf 88' lang='lat' dir='ltr'>lectionum-</span> 
     </span>
     <span class='ocr_line' id='line_1_13' title="bbox 182 1027 1867 1091; baseline -0.002 -15"><span class='ocrx_word' id='word_1_88' title='bbox 182 1045 279 1091; x_wconf 93' lang='lat' dir='ltr'>que</span> <span class='ocrx_word' id='word_1_89' title='bbox 317 1028 714 1076; x_wconf 90' lang='lat' dir='ltr'>Vindobonensis</span> <span class='ocrx_word' id='word_1_90' title='bbox 755 1030 806 1075; x_wconf 89' lang='lat' dir='ltr'>et</span> <span class='ocrx_word' id='word_1_91' title='bbox 836 1027 1154 1075; x_wconf 88' lang='lat' dir='ltr'>Riccardiani</span> <span class='ocrx_word' id='word_1_92' title='bbox 1185 1027 1411 1076; x_wconf 89' lang='lat' dir='ltr'>codicum</span> <span class='ocrx_word' id='word_1_93' title='bbox 1442 1027 1867 1089; x_wconf 89' lang='lat' dir='ltr'>comparationem</span> 
     </span>
     <span class='ocr_line' id='line_1_14' title="bbox 181 1100 1866 1164; baseline 0 -16"><span class='ocrx_word' id='word_1_94' title='bbox 181 1102 406 1149; x_wconf 88' lang='lat' dir='ltr'>instituit</span> <span class='ocrx_word' id='word_1_95' title='bbox 459 1117 549 1149; x_wconf 89' lang='lat' dir='ltr'>nec</span> <span class='ocrx_word' id='word_1_96' title='bbox 601 1117 702 1149; x_wconf 90' lang='lat' dir='ltr'>non</span> <span class='ocrx_word' id='word_1_97' title='bbox 756 1101 857 1148; x_wconf 91' lang='lat' dir='ltr'>alia</span> <span class='ocrx_word' id='word_1_98' title='bbox 911 1100 1159 1163; x_wconf 86' lang='lat' dir='ltr'>quaedam</span> <span class='ocrx_word' id='word_1_99' title='bbox 1213 1102 1273 1149; x_wconf 90' lang='lat' dir='ltr'>de</span> <span class='ocrx_word' id='word_1_100' title='bbox 1327 1100 1601 1164; x_wconf 86' lang='lat' dir='ltr'>Pelagonio</span> <span class='ocrx_word' id='word_1_101' title='bbox 1651 1100 1866 1163; x_wconf 88' lang='lat' dir='ltr'>Vegetio</span> 
     </span>
     <span class='ocr_line' id='line_1_15' title="bbox 180 1167 1867 1240; baseline -0.001 -19"><span class='ocrx_word' id='word_1_102' title='bbox 180 1174 507 1237; x_wconf 85' lang='lat' dir='ltr'>Hippiatricis</span> <span class='ocrx_word' id='word_1_103' title='bbox 548 1172 750 1222; x_wconf 81' lang='lat' dir='ltr'>Graecis</span> <span class='ocrx_word' id='word_1_104' title='bbox 781 1174 983 1222; x_wconf 89' lang='lat' dir='ltr'>utiliter</span> <span class='ocrx_word' id='word_1_105' title='bbox 1013 1167 1317 1240; x_wconf 78' lang='lat' dir='ltr'>disseruit4).</span> <span class='ocrx_word' id='word_1_106' title='bbox 1381 1177 1500 1222; x_wconf 88' lang='lat' dir='ltr'>sunt</span> <span class='ocrx_word' id='word_1_107' title='bbox 1531 1176 1701 1222; x_wconf 89' lang='lat' dir='ltr'>autem</span> <span class='ocrx_word' id='word_1_108' title='bbox 1733 1174 1867 1237; x_wconf 86' lang='lat' dir='ltr'>frag-</span> 
     </span>
     <span class='ocr_line' id='line_1_16' title="bbox 179 1247 1867 1311; baseline 0.001 -17"><span class='ocrx_word' id='word_1_109' title='bbox 179 1250 351 1296; x_wconf 89' lang='lat' dir='ltr'>menta</span> <span class='ocrx_word' id='word_1_110' title='bbox 398 1247 622 1310; x_wconf 89' lang='lat' dir='ltr'>capitum</span> <span class='ocrx_word' id='word_1_111' title='bbox 668 1247 854 1310; x_wconf 88' lang='lat' dir='ltr'><strong>XXVI,</strong></span> <span class='ocrx_word' id='word_1_112' title='bbox 902 1247 1140 1311; x_wconf 86' lang='lat' dir='ltr'><strong>XXVIII,</strong></span> <span class='ocrx_word' id='word_1_113' title='bbox 1187 1247 1444 1295; x_wconf 90' lang='lat' dir='ltr'><strong>XXVIIII.</strong></span> <span class='ocrx_word' id='word_1_114' title='bbox 1507 1248 1673 1308; x_wconf 93' lang='lat' dir='ltr'>capita</span> <span class='ocrx_word' id='word_1_115' title='bbox 1718 1247 1867 1310; x_wconf 90' lang='lat' dir='ltr'>longe</span> 
     </span>
     <span class='ocr_line' id='line_1_17' title="bbox 183 1320 1865 1384; baseline -0.001 -16"><span class='ocrx_word' id='word_1_116' title='bbox 183 1320 333 1368; x_wconf 85' lang='lat' dir='ltr'>aliter</span> <span class='ocrx_word' id='word_1_117' title='bbox 369 1323 634 1369; x_wconf 89' lang='lat' dir='ltr'>numerata</span> <span class='ocrx_word' id='word_1_118' title='bbox 672 1321 828 1369; x_wconf 85' lang='lat' dir='ltr'>fuisse</span> <span class='ocrx_word' id='word_1_119' title='bbox 869 1337 1020 1384; x_wconf 89' lang='lat' dir='ltr'>quam</span> <span class='ocrx_word' id='word_1_120' title='bbox 1066 1322 1119 1369; x_wconf 90' lang='lat' dir='ltr'>in</span> <span class='ocrx_word' id='word_1_121' title='bbox 1164 1320 1492 1369; x_wconf 89' lang='lat' dir='ltr'>Riccardiano</span> <span class='ocrx_word' id='word_1_122' title='bbox 1531 1321 1727 1368; x_wconf 90' lang='lat' dir='ltr'>numeri</span> <span class='ocrx_word' id='word_1_123' title='bbox 1766 1320 1865 1368; x_wconf 93' lang='lat' dir='ltr'>duo</span> 
     </span>
     <span class='ocr_line' id='line_1_18' title="bbox 182 1387 1868 1461; baseline -0.001 -19"><span class='ocrx_word' id='word_1_124' title='bbox 182 1394 369 1443; x_wconf 86' lang='lat' dir='ltr'>servati</span> <span class='ocrx_word' id='word_1_125' title='bbox 400 1393 672 1455; x_wconf 82' lang='lat' dir='ltr'><strong>CXLVIII,</strong></span> <span class='ocrx_word' id='word_1_126' title='bbox 707 1393 986 1442; x_wconf 83' lang='lat' dir='ltr'><strong>GXLVIIII</strong></span> <span class='ocrx_word' id='word_1_127' title='bbox 1020 1389 1113 1459; x_wconf 87' lang='lat'>(=</span> <span class='ocrx_word' id='word_1_128' title='bbox 1146 1396 1269 1443; x_wconf 88' lang='grc'>408.</span> <span class='ocrx_word' id='word_1_129' title='bbox 1294 1396 1399 1443; x_wconf 89' lang='grc'>409</span> <span class='ocrx_word' id='word_1_130' title='bbox 1434 1409 1574 1442; x_wconf 89' lang='lat' dir='ltr'>meae</span> <span class='ocrx_word' id='word_1_131' title='bbox 1608 1387 1868 1461; x_wconf 89' lang='lat' dir='ltr'>editionis)</span> 
     </span>
     <span class='ocr_line' id='line_1_19' title="bbox 180 1467 413 1528; baseline 0.004 -14"><span class='ocrx_word' id='word_1_132' title='bbox 180 1467 413 1528; x_wconf 85' lang='lat' dir='ltr'>produnt.</span> 
     </span>
    </p>
   </div>
   <div class='ocr_carea' id='block_1_3' title="bbox 182 1576 536 1581">
    <p class='ocr_par' dir='ltr' id='par_1_3' title="bbox 182 1576 536 1581">
     <span class='ocr_line' id='line_1_20' title="bbox 182 1576 536 1581; baseline 0 0"><span class='ocrx_word' id='word_1_133' title='bbox 182 1576 536 1581; x_wconf 95' lang='lat' dir='ltr'> </span> 
     </span>
    </p>
   </div>
   <div class='ocr_carea' id='block_1_4' title="bbox 308 1635 1870 1694">
    <p class='ocr_par' dir='ltr' id='par_1_4' title="bbox 308 1635 1870 1694">
     <span class='ocr_line' id='line_1_21' title="bbox 308 1635 1870 1694; baseline 0.001 -14"><span class='ocrx_word' id='word_1_134' title='bbox 308 1637 352 1692; x_wconf 95' lang='lat'>1)</span> <span class='ocrx_word' id='word_1_135' title='bbox 386 1635 603 1680; x_wconf 90' lang='lat' dir='ltr'>Codicem</span> <span class='ocrx_word' id='word_1_136' title='bbox 637 1636 816 1681; x_wconf 84' lang='lat' dir='ltr'>excussi</span> <span class='ocrx_word' id='word_1_137' title='bbox 847 1651 888 1680; x_wconf 88' lang='lat' dir='ltr'>a.</span> <span class='ocrx_word' id='word_1_138' title='bbox 916 1641 1052 1691; x_wconf 88' lang='grc'>1890,</span> <span class='ocrx_word' id='word_1_139' title='bbox 1085 1636 1244 1693; x_wconf 81' lang='lat' dir='ltr'>capita</span> <span class='ocrx_word' id='word_1_140' title='bbox 1268 1637 1444 1680; x_wconf 86' lang='lat' dir='ltr'>selecta</span> <span class='ocrx_word' id='word_1_141' title='bbox 1465 1637 1719 1694; x_wconf 89' lang='lat' dir='ltr'>recognovi</span> <span class='ocrx_word' id='word_1_142' title='bbox 1749 1650 1870 1681; x_wconf 92' lang='lat' dir='ltr'>anno</span> 
     </span>
    </p>
   </div>
   <div class='ocr_carea' id='block_1_5' title="bbox 105 1694 1871 1752">
    <p class='ocr_par' dir='ltr' id='par_1_5' title="bbox 105 1694 1871 1752">
     <span class='ocr_line' id='line_1_22' title="bbox 105 1694 1871 1752; baseline 0.001 -14"><span class='ocrx_word' id='word_1_143' title='bbox 105 1723 108 1726; x_wconf 97' lang='lat'>-</span> <span class='ocrx_word' id='word_1_144' title='bbox 188 1694 269 1750; x_wconf 88' lang='lat' dir='ltr'>qui</span> <span class='ocrx_word' id='word_1_145' title='bbox 293 1695 476 1739; x_wconf 86' lang='lat' dir='ltr'>secutus</span> <span class='ocrx_word' id='word_1_146' title='bbox 495 1697 580 1740; x_wconf 86' lang='lat' dir='ltr'>est.</span> <span class='ocrx_word' id='word_1_147' title='bbox 613 1696 784 1740; x_wconf 88' lang='lat' dir='ltr'>menda</span> <span class='ocrx_word' id='word_1_148' title='bbox 800 1694 1019 1740; x_wconf 86' lang='lat' dir='ltr'>editionis</span> <span class='ocrx_word' id='word_1_149' title='bbox 1035 1695 1333 1740; x_wconf 83' lang='lat' dir='ltr'>Florentinae</span> <span class='ocrx_word' id='word_1_150' title='bbox 1351 1695 1469 1740; x_wconf 81' lang='lat' dir='ltr'>talia</span> <span class='ocrx_word' id='word_1_151' title='bbox 1485 1698 1612 1740; x_wconf 86' lang='lat' dir='ltr'>sunt:</span> <span class='ocrx_word' id='word_1_152' title='bbox 1648 1700 1701 1739; x_wconf 88' lang='lat'>18</span> <span class='ocrx_word' id='word_1_153' title='bbox 1714 1697 1871 1752; x_wconf 77' lang='lat' dir='ltr'>pulvis</span> 
     </span>
    </p>
   </div>
   <div class='ocr_carea' id='block_1_6' title="bbox 182 1754 1873 2800">
    <p class='ocr_par' dir='ltr' id='par_1_6' title="bbox 182 1754 1873 2044">
     <span class='ocr_line' id='line_1_23' title="bbox 191 1754 1873 1812; baseline 0.001 -15"><span class='ocrx_word' id='word_1_154' title='bbox 191 1754 449 1810; x_wconf 68' lang='lat' dir='ltr'>Pelaqonia</span> <span class='ocrx_word' id='word_1_155' title='bbox 481 1755 711 1810; x_wconf 71' lang='lat' dir='ltr'>propinas</span> <span class='ocrx_word' id='word_1_156' title='bbox 751 1755 917 1811; x_wconf 87' lang='lat' dir='ltr'>(codex</span> <span class='ocrx_word' id='word_1_157' title='bbox 942 1756 1100 1811; x_wconf 40' lang='lat' dir='ltr'>,pulvis</span> <span class='ocrx_word' id='word_1_158' title='bbox 1131 1755 1355 1812; x_wconf 72' lang='lat' dir='ltr'>Pelayoni</span> <span class='ocrx_word' id='word_1_159' title='bbox 1384 1756 1644 1811; x_wconf 81' lang='lat' dir='ltr'>apopiras)‚</span> <span class='ocrx_word' id='word_1_160' title='bbox 1685 1760 1741 1799; x_wconf 88' lang='grc'>66</span> <span class='ocrx_word' id='word_1_161' title='bbox 1770 1769 1873 1811; x_wconf 77' lang='lat' dir='ltr'>per-</span> 
     </span>
     <span class='ocr_line' id='line_1_24' title="bbox 183 1813 1872 1870; baseline 0.002 -14"><span class='ocrx_word' id='word_1_162' title='bbox 183 1813 376 1857; x_wconf 78' lang='lat' dir='ltr'>mixtam</span> <span class='ocrx_word' id='word_1_163' title='bbox 402 1814 519 1867; x_wconf 89' lang='lat' dir='ltr'>(cod.</span> <span class='ocrx_word' id='word_1_164' title='bbox 541 1813 807 1870; x_wconf 74' lang='lat' dir='ltr'>pinsitam),</span> <span class='ocrx_word' id='word_1_165' title='bbox 840 1818 897 1857; x_wconf 85' lang='lat'>98</span> <span class='ocrx_word' id='word_1_166' title='bbox 929 1814 1147 1858; x_wconf 78' lang='lat' dir='ltr'>columbis</span> <span class='ocrx_word' id='word_1_167' title='bbox 1179 1815 1299 1869; x_wconf 92' lang='lat' dir='ltr'>(cod.</span> <span class='ocrx_word' id='word_1_168' title='bbox 1325 1815 1567 1869; x_wconf 80' lang='lat' dir='ltr'>coliculis),</span> <span class='ocrx_word' id='word_1_169' title='bbox 1603 1818 1686 1858; x_wconf 82' lang='grc'>127</span> <span class='ocrx_word' id='word_1_170' title='bbox 1718 1827 1872 1859; x_wconf 80' lang='lat' dir='ltr'>servus</span> 
     </span>
     <span class='ocr_line' id='line_1_25' title="bbox 184 1870 1872 1929; baseline 0.001 -14"><span class='ocrx_word' id='word_1_171' title='bbox 184 1870 304 1926; x_wconf 91' lang='lat' dir='ltr'>(cod.</span> <span class='ocrx_word' id='word_1_172' title='bbox 331 1872 555 1927; x_wconf 73' lang='lat' dir='ltr'>ieiunus),</span> <span class='ocrx_word' id='word_1_173' title='bbox 589 1876 645 1916; x_wconf 87' lang='grc'>43</span> <span class='ocrx_word' id='word_1_174' title='bbox 670 1873 722 1916; x_wconf 75' lang='lat' dir='ltr'>i‘n</span> <span class='ocrx_word' id='word_1_175' title='bbox 745 1873 905 1929; x_wconf 74' lang='lat' dir='ltr'>pedem</span> <span class='ocrx_word' id='word_1_176' title='bbox 929 1872 1047 1928; x_wconf 90' lang='lat' dir='ltr'>(cod.</span> <span class='ocrx_word' id='word_1_177' title='bbox 1072 1874 1313 1929; x_wconf 73' lang='lat' dir='ltr'>incedere),</span> <span class='ocrx_word' id='word_1_178' title='bbox 1349 1876 1433 1917; x_wconf 88' lang='grc'>168</span> <span class='ocrx_word' id='word_1_179' title='bbox 1457 1874 1651 1926; x_wconf 84' lang='lat' dir='ltr'>fasciam</span> <span class='ocrx_word' id='word_1_180' title='bbox 1673 1874 1872 1918; x_wconf 79' lang='lat' dir='ltr'>mundae</span> 
     </span>
     <span class='ocr_line' id='line_1_26' title="bbox 184 1930 1869 2044; baseline 0.002 -70"><span class='ocrx_word' id='word_1_181' title='bbox 184 1943 355 2032; x_wconf 56' lang='lat' dir='ltr'>caepae}</span> <span class='ocrx_word' id='word_1_182' title='bbox 379 1930 528 2044; x_wconf 44' lang='lat' dir='ltr'>ipsis-is</span> <span class='ocrx_word' id='word_1_183' title='bbox 559 1930 678 1985; x_wconf 87' lang='lat' dir='ltr'>(cod.</span> <span class='ocrx_word' id='word_1_184' title='bbox 710 1932 864 1986; x_wconf 72' lang='lat' dir='ltr'>fuscae</span> <span class='ocrx_word' id='word_1_185' title='bbox 902 1932 1068 1976; x_wconf 77' lang='lat' dir='ltr'>mande</span> <span class='ocrx_word' id='word_1_186' title='bbox 1098 1945 1234 1988; x_wconf 81' lang='lat' dir='ltr'>caepe</span> <span class='ocrx_word' id='word_1_187' title='bbox 1263 1930 1398 1990; x_wconf 59' lang='lat' dir='ltr'>ip‘ir&#39;i),</span> <span class='ocrx_word' id='word_1_188' title='bbox 1439 1936 1524 1976; x_wconf 89' lang='grc'>362</span> <span class='ocrx_word' id='word_1_189' title='bbox 1556 1933 1718 1977; x_wconf 76' lang='lat' dir='ltr'>iuncta</span> <span class='ocrx_word' id='word_1_190' title='bbox 1749 1931 1869 1987; x_wconf 89' lang='lat' dir='ltr'>(cod.</span> 
     </span>
     <span class='ocr_line' id='line_1_27' title="bbox 182 2002 541 2032; baseline -0.003 0"><span class='ocrx_word' id='word_1_191' title='bbox 182 2002 334 2032; x_wconf 76' lang='lat' dir='ltr'>iumen</span> <span class='ocrx_word' id='word_1_192' title='bbox 356 2003 386 2032; x_wconf 93' lang='lat' dir='ltr'>a</span> <span class='ocrx_word' id='word_1_193' title='bbox 434 2002 462 2031; x_wconf 90' lang='lat' dir='ltr'>a</span> <span class='ocrx_word' id='word_1_194' title='bbox 483 2002 541 2032; x_wconf 85' lang='grc'>10.</span> 
     </span>
    </p>

    <p class='ocr_par' dir='ltr' id='par_1_7' title="bbox 182 2047 1872 2800">
     <span class='ocr_line' id='line_1_28' title="bbox 303 2047 1871 2105; baseline 0.002 -15"><span class='ocrx_word' id='word_1_195' title='bbox 303 2050 348 2102; x_wconf 91' lang='grc'>2)</span> <span class='ocrx_word' id='word_1_196' title='bbox 395 2047 686 2091; x_wconf 80' lang='lat' dir='ltr'>Jahrbficher</span> <span class='ocrx_word' id='word_1_197' title='bbox 732 2047 814 2091; x_wconf 86' lang='lat' dir='ltr'>der</span> <span class='ocrx_word' id='word_1_198' title='bbox 860 2047 1099 2092; x_wconf 89' lang='lat' dir='ltr'>Literatur</span> <span class='ocrx_word' id='word_1_199' title='bbox 1144 2049 1362 2105; x_wconf 88' lang='lat' dir='ltr'>(Vindob.</span> <span class='ocrx_word' id='word_1_200' title='bbox 1401 2053 1534 2104; x_wconf 82' lang='lat'>1824)</span> <span class='ocrx_word' id='word_1_201' title='bbox 1581 2048 1674 2093; x_wconf 88' lang='lat' dir='ltr'>vol.</span> <span class='ocrx_word' id='word_1_202' title='bbox 1719 2048 1871 2093; x_wconf 87' lang='lat' dir='ltr'><strong>XXVI</strong></span> 
     </span>
     <span class='ocr_line' id='line_1_29' title="bbox 182 2104 1871 2163; baseline 0.002 -15"><span class='ocrx_word' id='word_1_203' title='bbox 182 2104 513 2161; x_wconf 86' lang='lat' dir='ltr'>Anzeigeblatt</span> <span class='ocrx_word' id='word_1_204' title='bbox 557 2119 602 2161; x_wconf 91' lang='lat' dir='ltr'>p.</span> <span class='ocrx_word' id='word_1_205' title='bbox 644 2111 700 2150; x_wconf 91' lang='grc'>20</span> <span class='ocrx_word' id='word_1_206' title='bbox 725 2120 819 2162; x_wconf 83' lang='lat' dir='ltr'>seq.</span> <span class='ocrx_word' id='word_1_207' title='bbox 892 2106 1170 2163; x_wconf 85' lang='lat' dir='ltr'>subscriptio</span> <span class='ocrx_word' id='word_1_208' title='bbox 1210 2109 1281 2152; x_wconf 86' lang='lat' dir='ltr'>est</span> <span class='ocrx_word' id='word_1_209' title='bbox 1319 2108 1460 2152; x_wconf 84' lang='lat' dir='ltr'>Liber</span> <span class='ocrx_word' id='word_1_210' title='bbox 1497 2110 1647 2152; x_wconf 74' lang='lat' dir='ltr'>sancti</span> <span class='ocrx_word' id='word_1_211' title='bbox 1697 2107 1871 2152; x_wconf 75' lang='lat' dir='ltr'>Uolam-</span> 
     </span>
     <span class='ocr_line' id='line_1_30' title="bbox 184 2164 1870 2223; baseline 0.002 -15"><span class='ocrx_word' id='word_1_212' title='bbox 184 2165 297 2208; x_wconf 75' lang='lat' dir='ltr'>bani</span> <span class='ocrx_word' id='word_1_213' title='bbox 342 2165 396 2208; x_wconf 82' lang='lat' dir='ltr'>de</span> <span class='ocrx_word' id='word_1_214' title='bbox 440 2164 604 2209; x_wconf 85' lang='lat' dir='ltr'>Bobio.</span> <span class='ocrx_word' id='word_1_215' title='bbox 668 2178 723 2208; x_wconf 87' lang='lat' dir='ltr'>ex</span> <span class='ocrx_word' id='word_1_216' title='bbox 768 2166 1051 2210; x_wconf 84' lang='lat' dir='ltr'>monasterio</span> <span class='ocrx_word' id='word_1_217' title='bbox 1099 2166 1412 2223; x_wconf 86' lang='lat' dir='ltr'>Neapolitano</span> <span class='ocrx_word' id='word_1_218' title='bbox 1460 2166 1505 2211; x_wconf 84' lang='lat' dir='ltr'>S.</span> <span class='ocrx_word' id='word_1_219' title='bbox 1542 2167 1759 2210; x_wconf 88' lang='lat' dir='ltr'>Iohannis</span> <span class='ocrx_word' id='word_1_220' title='bbox 1813 2167 1870 2211; x_wconf 91' lang='lat' dir='ltr'>de</span> 
     </span>
     <span class='ocr_line' id='line_1_31' title="bbox 185 2223 1869 2270; baseline 0.002 -4"><span class='ocrx_word' id='word_1_221' title='bbox 185 2223 471 2266; x_wconf 86' lang='lat' dir='ltr'>Carbonaria</span> <span class='ocrx_word' id='word_1_222' title='bbox 500 2223 758 2268; x_wconf 87' lang='lat' dir='ltr'>translatus</span> <span class='ocrx_word' id='word_1_223' title='bbox 806 2226 878 2269; x_wconf 86' lang='lat' dir='ltr'>est</span> <span class='ocrx_word' id='word_1_224' title='bbox 922 2225 968 2268; x_wconf 90' lang='lat' dir='ltr'>in</span> <span class='ocrx_word' id='word_1_225' title='bbox 1013 2225 1345 2269; x_wconf 88' lang='lat' dir='ltr'>bibliothecam</span> <span class='ocrx_word' id='word_1_226' title='bbox 1388 2225 1655 2270; x_wconf 85' lang='lat' dir='ltr'>Palatinam</span> <span class='ocrx_word' id='word_1_227' title='bbox 1694 2225 1869 2270; x_wconf 89' lang='lat' dir='ltr'>Vindo-</span> 
     </span>
     <span class='ocr_line' id='line_1_32' title="bbox 183 2281 1870 2337; baseline 0.002 -13"><span class='ocrx_word' id='word_1_228' title='bbox 183 2281 450 2325; x_wconf 88' lang='lat' dir='ltr'>bonensem.</span> <span class='ocrx_word' id='word_1_229' title='bbox 497 2282 561 2326; x_wconf 84' lang='lat' dir='ltr'>St.</span> <span class='ocrx_word' id='word_1_230' title='bbox 587 2281 860 2337; x_wconf 87' lang='lat' dir='ltr'>Endlicher‚</span> <span class='ocrx_word' id='word_1_231' title='bbox 885 2282 1034 2329; x_wconf 84' lang='lat' dir='ltr'>Catal.</span> <span class='ocrx_word' id='word_1_232' title='bbox 1058 2285 1192 2328; x_wconf 88' lang='lat' dir='ltr'>codd.</span> <span class='ocrx_word' id='word_1_233' title='bbox 1209 2285 1312 2330; x_wconf 87' lang='lat' dir='ltr'>latt.</span> <span class='ocrx_word' id='word_1_234' title='bbox 1335 2283 1652 2330; x_wconf 85' lang='lat' dir='ltr'>bibliothecae</span> <span class='ocrx_word' id='word_1_235' title='bbox 1670 2284 1870 2330; x_wconf 87' lang='lat' dir='ltr'>Vindob.</span> 
     </span>
     <span class='ocr_line' id='line_1_33' title="bbox 183 2338 1872 2397; baseline 0.002 -14"><span class='ocrx_word' id='word_1_236' title='bbox 183 2340 244 2396; x_wconf 91' lang='lat' dir='ltr'>(a.</span> <span class='ocrx_word' id='word_1_237' title='bbox 273 2340 406 2397; x_wconf 90' lang='grc'>1836)</span> <span class='ocrx_word' id='word_1_238' title='bbox 435 2355 479 2383; x_wconf 92' lang='lat' dir='ltr'>n.</span> <span class='ocrx_word' id='word_1_239' title='bbox 499 2338 748 2385; x_wconf 86' lang='lat' dir='ltr'><strong>CCCXXII.</strong></span> <span class='ocrx_word' id='word_1_240' title='bbox 788 2341 995 2387; x_wconf 87' lang='lat' dir='ltr'>Tabulae</span> <span class='ocrx_word' id='word_1_241' title='bbox 1020 2343 1153 2388; x_wconf 90' lang='lat' dir='ltr'>codd.</span> <span class='ocrx_word' id='word_1_242' title='bbox 1179 2357 1262 2388; x_wconf 85' lang='lat' dir='ltr'>ms.</span> <span class='ocrx_word' id='word_1_243' title='bbox 1289 2344 1602 2388; x_wconf 86' lang='lat' dir='ltr'>bibliothecae</span> <span class='ocrx_word' id='word_1_244' title='bbox 1625 2343 1823 2388; x_wconf 89' lang='lat' dir='ltr'>Vindob.</span> <span class='ocrx_word' id='word_1_245' title='bbox 1849 2343 1872 2387; x_wconf 95' lang='lat' dir='ltr'><strong>I</strong></span> 
     </span>
     <span class='ocr_line' id='line_1_34' title="bbox 185 2399 1867 2464; baseline 0.003 -23"><span class='ocrx_word' id='word_1_246' title='bbox 185 2399 341 2464; x_wconf 74' lang='grc'>(1864)</span> <span class='ocrx_word' id='word_1_247' title='bbox 374 2414 417 2442; x_wconf 91' lang='grc'>11.</span> <span class='ocrx_word' id='word_1_248' title='bbox 446 2404 514 2442; x_wconf 91' lang='grc'>16.</span> <span class='ocrx_word' id='word_1_249' title='bbox 564 2400 690 2443; x_wconf 83' lang='grc' dir='ltr'>1ᾶο111</span> <span class='ocrx_word' id='word_1_250' title='bbox 715 2400 924 2446; x_wconf 81' lang='lat' dir='ltr'>continet</span> <span class='ocrx_word' id='word_1_251' title='bbox 947 2401 1124 2446; x_wconf 88' lang='lat' dir='ltr'>Lucani</span> <span class='ocrx_word' id='word_1_252' title='bbox 1146 2402 1420 2447; x_wconf 85' lang='lat' dir='ltr'>Pharsaliae</span> <span class='ocrx_word' id='word_1_253' title='bbox 1450 2404 1717 2460; x_wconf 86' lang='lat' dir='ltr'>fragmenta</span> <span class='ocrx_word' id='word_1_254' title='bbox 1747 2403 1867 2447; x_wconf 89' lang='lat' dir='ltr'>anti-</span> 
     </span>
     <span class='ocr_line' id='line_1_35' title="bbox 184 2470 423 2512; baseline -0.004 -12"><span class='ocrx_word' id='word_1_255' title='bbox 184 2470 423 2512; x_wconf 72' lang='lat' dir='ltr'>qmsmma.</span> 
     </span>
     <span class='ocr_line' id='line_1_36' title="bbox 184 2515 1871 2641; baseline 0.004 -25"><span class='ocrx_word' id='word_1_256' title='bbox 184 2515 1871 2641; x_wconf 49' lang='grc'>1111311..11.0111211151501..01111111113111111111</span> 
     </span>
     <span class='ocr_line' id='line_1_37' title="bbox 185 2633 1869 2694; baseline 0.004 -17"><span class='ocrx_word' id='word_1_257' title='bbox 185 2633 442 2678; x_wconf 66' lang='lat' dir='ltr'>affirmant</span> <span class='ocrx_word' id='word_1_258' title='bbox 470 2636 569 2678; x_wconf 89' lang='lat' dir='ltr'>tum</span> <span class='ocrx_word' id='word_1_259' title='bbox 594 2648 696 2690; x_wconf 82' lang='lat' dir='ltr'>ipse</span> <span class='ocrx_word' id='word_1_260' title='bbox 726 2649 893 2692; x_wconf 90' lang='lat' dir='ltr'>nuper,</span> <span class='ocrx_word' id='word_1_261' title='bbox 927 2651 1029 2681; x_wconf 89' lang='lat' dir='ltr'>cum</span> <span class='ocrx_word' id='word_1_262' title='bbox 1055 2638 1262 2683; x_wconf 91' lang='lat' dir='ltr'>codicem</span> <span class='ocrx_word' id='word_1_263' title='bbox 1287 2639 1619 2694; x_wconf 86' lang='lat' dir='ltr'>examinarem,</span> <span class='ocrx_word' id='word_1_264' title='bbox 1652 2640 1869 2694; x_wconf 83' lang='lat' dir='ltr'>expertus</span> 
     </span>
     <span class='ocr_line' id='line_1_38' title="bbox 185 2692 1869 2754; baseline 0.003 -18"><span class='ocrx_word' id='word_1_265' title='bbox 185 2706 299 2736; x_wconf 87' lang='lat' dir='ltr'>sum.</span> <span class='ocrx_word' id='word_1_266' title='bbox 354 2692 411 2736; x_wconf 88' lang='lat' dir='ltr'>de</span> <span class='ocrx_word' id='word_1_267' title='bbox 441 2692 604 2749; x_wconf 88' lang='lat' dir='ltr'>paucis</span> <span class='ocrx_word' id='word_1_268' title='bbox 636 2692 913 2749; x_wconf 88' lang='lat' dir='ltr'>quibusdam</span> <span class='ocrx_word' id='word_1_269' title='bbox 944 2709 1063 2751; x_wconf 91' lang='lat' dir='ltr'>quae</span> <span class='ocrx_word' id='word_1_270' title='bbox 1096 2695 1235 2742; x_wconf 83' lang='lat' dir='ltr'>aliter</span> <span class='ocrx_word' id='word_1_271' title='bbox 1265 2697 1467 2754; x_wconf 87' lang='lat' dir='ltr'>legenda</span> <span class='ocrx_word' id='word_1_272' title='bbox 1499 2710 1598 2742; x_wconf 88' lang='lat' dir='ltr'>esse</span> <span class='ocrx_word' id='word_1_273' title='bbox 1631 2697 1790 2742; x_wconf 87' lang='lat' dir='ltr'>censui</span> <span class='ocrx_word' id='word_1_274' title='bbox 1819 2697 1869 2741; x_wconf 90' lang='lat' dir='ltr'>in</span> 
     </span>
     <span class='ocr_line' id='line_1_39' title="bbox 184 2750 1012 2800; baseline 0.008 -7"><span class='ocrx_word' id='word_1_275' title='bbox 184 2750 492 2795; x_wconf 85' lang='lat' dir='ltr'>adnotatione</span> <span class='ocrx_word' id='word_1_276' title='bbox 524 2751 688 2796; x_wconf 87' lang='lat' dir='ltr'>critica</span> <span class='ocrx_word' id='word_1_277' title='bbox 719 2753 895 2796; x_wconf 87' lang='lat' dir='ltr'>dictum</span> <span class='ocrx_word' id='word_1_278' title='bbox 927 2757 1012 2800; x_wconf 87' lang='lat' dir='ltr'>est.</span> 
     </span>
    </p>
   </div>
   <div class='ocr_carea' id='block_1_7' title="bbox 183 2809 1870 2925">
    <p class='ocr_par' dir='ltr' id='par_1_8' title="bbox 183 2809 1870 2925">
     <span class='ocr_line' id='line_1_40' title="bbox 183 2809 1870 2924; baseline 0.005 -72"><span class='ocrx_word' id='word_1_279' title='bbox 183 2881 215 2923; x_wconf 74' lang='lat' dir='ltr'>p</span> <span class='ocrx_word' id='word_1_280' title='bbox 262 2809 592 2924; x_wconf 53' lang='grc' dir='ltr'>4ἑ1)ΘΑ1ζ110105</span> <span class='ocrx_word' id='word_1_281' title='bbox 621 2809 968 2858; x_wconf 88' lang='lat' dir='ltr'>Vindobonens.</span> <span class='ocrx_word' id='word_1_282' title='bbox 1009 2818 1066 2857; x_wconf 84' lang='lat'>44</span> <span class='ocrx_word' id='word_1_283' title='bbox 1105 2829 1150 2871; x_wconf 93' lang='lat' dir='ltr'>p.</span> <span class='ocrx_word' id='word_1_284' title='bbox 1186 2818 1268 2858; x_wconf 84' lang='lat'>141</span> <span class='ocrx_word' id='word_1_285' title='bbox 1298 2829 1391 2871; x_wconf 86' lang='lat' dir='ltr'>seq.</span> <span class='ocrx_word' id='word_1_286' title='bbox 1433 2814 1507 2871; x_wconf 88' lang='lat' dir='ltr'>(cf.</span> <span class='ocrx_word' id='word_1_287' title='bbox 1539 2815 1870 2874; x_wconf 87' lang='lat' dir='ltr'>Anzeigeblatt</span> 
     </span>
     <span class='ocr_line' id='line_1_41' title="bbox 220 2883 437 2925; baseline 0.009 -15"><span class='ocrx_word' id='word_1_288' title='bbox 220 2900 229 2910; x_wconf 89' lang='lat'>.</span> <span class='ocrx_word' id='word_1_289' title='bbox 344 2883 363 2912; x_wconf 89' lang='grc'>5</span> <span class='ocrx_word' id='word_1_290' title='bbox 395 2883 437 2925; x_wconf 87' lang='lat' dir='ltr'>q.</span> 
     </span>
    </p>
   </div>
  </div>
 </body>
</html>
