2060 3232
895 132 1255 186 ...58—

126 278 216 324 117
344 270 513 320 Aliud.
581 285 755 319 erucae
795 269 994 318 seminis
1034 268 1354 318 acetabulum
1391 284 1506 317 cum
1543 267 1659 317 vino
1698 269 1827 316 teres
1867 270 1919 315 et

234 344 530 410 potionabis,
1273 337 1275 339 ’

127 423 220 469 118
349 419 403 468 Si
441 433 600 481 equus
638 418 910 480 peduculos
949 416 1001 463 in
1038 416 1290 464 intestinis
1319 415 1565 479 habuerit,
1604 414 1918 479 intellegitur

235 510 350 543 cum
386 492 673 555 frequenter
709 493 986 552 torquetur.
1050 489 1298 538 coriandri
1336 505 1534 552 sucum,
1573 488 1757 552 sinapi,
1797 504 1915 551 opo-

233 566 437 630 panacis
484 565 752 628 paululum
797 580 913 612 cum
961 561 1034 625 [in
1081 563 1180 612 alio
1231 562 1399 612 inveni
1445 562 1761 627 singularum
1805 577 1912 623 spe·
1958 570 1980 604 5

234 641 423 690 ciorum
451 657 497 702 p.
532 640 776 701 quaterna
814 638 940 685 dena
979 652 1108 700 esse,
1147 653 1248 685 non
1287 638 1552 699 quaterna,
1594 635 1725 684 sicut
1763 650 1916 697 supra

235 714 475 776 scriptum
513 710 607 774 est]
648 712 811 759 mulsa
851 713 901 758 et
932 711 1040 759 oleo
1071 710 1264 758 modico
1297 709 1437 758 dabis
1468 709 1764 771 faciliorque
1795 724 1916 757 cura

234 789 324 851 est,
363 787 405 835 si
442 786 624 835 hordeo
665 784 881 833 muriam
924 784 1204 847 asperseris.
1892 786 1896 789 ’

124 863 219 909 119
343 860 426 908 Ad
478 860 698 909 dolorem
749 858 950 907 ventris.
1034 857 1276 906 nasturcii
1322 872 1488 906 semen
1542 873 1657 905 cum
1700 856 1817 905 vino
1865 858 1916 904 et

234 936 342 984 oleo
403 934 583 981 tritum
642 932 949 994 tepefactum
1009 931 1178 995 dabis,
1242 932 1333 979 aut
1383 930 1591 980 lixivam
1642 946 1757 979 cum
1808 929 1914 979 vini
1938 941 1982 973 ιο

233 1008 445 1058 sextario
485 1008 537 1056 et
574 1006 949 1068 aliquantulum
991 1005 1109 1053 salis
1152 1005 1392 1054 candente
1433 1005 1564 1054 ferro
1607 1005 1915 1067 tepefactum

231 1081 384 1130 dabis.

121 1157 218 1203 120
342 1154 509 1201 Aliud.
573 1156 784 1202 stercore
822 1154 1041 1200 humano
1080 1152 1312 1214 palatum
1349 1152 1540 1201 fricato.

122 1231 214 1276 121
341 1227 423 1275 Ad
468 1227 687 1275 dolorem
738 1226 926 1274 ventris
971 1226 1328 1287 praecantatio.
1398 1241 1553 1274 manu
1601 1228 1756 1275 uncta
1803 1226 1912 1274 oleo

229 1304 454 1349 ventrem
491 1300 758 1362 perfricato
800 1315 914 1347 cum
958 1299 1052 1347 hac
1098 1299 1528 1361 praecantatione:
1574 1302 1675 1348 tres
1723 1299 1911 1348 scrofae
1938 1311 1980 1343 15

230 1375 289 1423 de
328 1375 464 1423 caelo
505 1373 812 1437 ceciderunt,
851 1373 1043 1421 invenit
1088 1388 1170 1421 eas
1217 1375 1410 1437 pastor,
1459 1373 1640 1422 occidit
1686 1388 1769 1421 eas
1809 1373 1914 1421 sine

230 1449 374 1511 ferro,
414 1448 546 1496 coxit
584 1462 666 1495 eas
705 1447 809 1495 sine
850 1446 1103 1495 dentibus:
1141 1447 1265 1495 bene
1314 1447 1511 1511 coxisti,
1558 1447 1681 1495 bene
1720 1447 1913 1511 coxisti,

228 1523 351 1570 bene
391 1521 579 1570 coxisti.

121 1597 214 1642 122
341 1595 470 1643 Item
508 1595 659 1642 aliud.
715 1594 988 1656 peduculos
1027 1596 1128 1642 tres
1166 1594 1434 1658 humanos,
1480 1594 1555 1642 ita
1592 1597 1653 1642 ut
1691 1611 1790 1643 non
1829 1610 1913 1644 eos

229 1668 466 1731 nomines,
506 1668 591 1716 sed
622 1667 795 1715 statim
826 1668 1050 1716 sublatos
1082 1668 1141 1715 de
1174 1667 1347 1730 aliqua
1377 1668 1624 1716 vesticula
1654 1669 1707 1716 in
1740 1684 1913 1717 aurem
1936 1681 1981 1713 20

229 1742 454 1790 dextram
491 1741 608 1803 equi
645 1741 847 1789 mittito.

120 1817 214 1862 123
339 1815 469 1863 Item
507 1815 657 1863 aliud.
720 1830 960 1877 caponem
999 1815 1101 1864 sive
1141 1815 1334 1878 gallum
1373 1818 1464 1863 aut
1492 1815 1785 1877 palumbam
1823 1832 1912 1878 per

228 1891 452 1938 ventrem
497 1889 543 1936 ei
589 1891 639 1936 et
684 1889 886 1937 dorsum
931 1891 1008 1936 ter
1053 1888 1274 1952 traicito,
1314 1888 1388 1936 ita
1434 1891 1495 1936 ut
1539 1905 1654 1937 eum
1698 1889 1910 1938 fasciare

229 1962 463 2023 videaris3
502 1962 675 2010 vivum
713 1962 967 2010 dimittito.
1030 1962 1362 2010 certissimum
1398 1962 1685 2010 remedium.

120 2037 214 2082 124
339 2035 419 2082 Ad
468 2035 728 2097 strophum
773 2035 903 2097 equi.
979 2035 1190 2083 lixivam
1241 2035 1467 2097 tepidum
1529 2052 1644 2084 cum
1698 2037 1806 2085 oleo
1859 2040 1910 2085 et
1933 2048 1976 2081 25

228 2109 419 2158 modico
466 2109 611 2156 melle
656 2108 886 2157 faucibus
932 2109 1182 2158 infundito
1230 2111 1281 2157 et
1326 2109 1368 2157 si
1407 2125 1602 2158 necesse
1641 2110 1815 2175 fuerit,
1855 2111 1908 2158 in

229 2178 451 2245 (anum)
491 2197 645 2230 manu
681 2182 870 2230 inserta
907 2182 1081 2230 fimum
1119 2183 1336 2231 eximito.

120 2256 213 2301 125
340 2255 394 2303 si
433 2271 560 2317 equo
599 2256 837 2304 intestina
868 2256 1133 2319 doluerint,
1173 2257 1315 2320 turis,
1347 2257 1531 2321 inulae,
1570 2257 1784 2306 bidellae
1814 2274 1907 2306 un-

229 2329 329 2377 cias
368 2329 590 2392 singulas
621 2329 737 2378 vino
778 2330 966 2392 optimo
1005 2331 1297 2391 permixtas:
1337 2331 1645 2393 tepefactum
1683 2332 1836 2380 dabis.

121 2402 213 2447 126
337 2402 492 2450 Aliud
524 2403 582 2451 de
614 2403 961 2466 experimento.
994 2420 1174 2452 nomen
1206 2404 1393 2452 domini
1423 2404 1477 2451 in
1508 2405 1681 2453 dextra
1711 2406 1905 2469 ungula
1928 2418 1972 2450 30

227 2475 438 2524 dolentis
478 2476 594 2539 equi
633 2479 724 2524 aut
762 2492 933 2526 servus
974 2479 1064 2524 aut
1102 2477 1314 2539 quilibet
1353 2477 1482 2525 alius
1522 2478 1717 2526 scribat.

263 2687 271 2695 ι
345 2634 368 2672 1
390 2643 583 2674 aerucae
602 2645 699 2675 sem
716 2631 763 2675 R
807 2629 1023 2687 πηγάνου
1042 2628 1302 2687 σπέρματος
1318 2632 1373 2675 H
1377 2632 1491 2676 PM
1510 2634 1525 2688 11
1548 2637 1577 2675 4
1595 2632 1767 2692 sinapi]
1787 2633 1905 2679 sino-

226 2689 382 2744 pidem
421 2689 467 2733 R
520 2688 747 2744 σινήπεως
784 2690 836 2734 τὸ
875 2690 1051 2746 ἀρκοῦν
1092 2691 1151 2733 Μ
1192 2693 1199 2745 1
1240 2690 1525 2747 ypopanacis
1570 2694 1586 2748 ΙΙ
1631 2697 1657 2736 9
1698 2694 1906 2737 nasturci

229 2747 301 2799 (H
310 2746 353 2788 P
364 2748 422 2790 M
459 2753 563 2792 ante
599 2749 821 2792 nasturcii
860 2750 1038 2815 addunt
1069 2748 1312 2806 στρύχνου)
1338 2751 1373 2816 ἸΙ
1421 2754 1474 2793 13
1508 2749 1648 2794 friato
1679 2751 1724 2793 R
1777 2749 1903 2809 περί-

226 2805 540 2917 Ξὲιῖῗαὲζηὲ
570 2808 1000 2910 ssssipgssfftzssfflssnl'
1024 2812 1091 2910 i?
1124 2809 1858 2925 ‘'Z‘ssffl'ff{Zrthssssnffidigffiff
1886 2812 1903 2902 {¹

226 2922 321 2963 fum
346 2922 361 2977 ΙΙ
385 2925 440 2965 28
471 2879 892 2967 innulaepvidellae
914 2926 929 2978 ΙΙ
953 2929 1008 2967 29
1041 2881 1285 2980 pet-{mistas
1309 2928 1324 2981 ΙΙ
1348 2929 1402 2967 31
1437 2927 1657 2970 dolentiis
1786 2885 1806 2912 S
1832 2885 1881 2914 ro
