2060 3232
747 126 1111 179 *63-

83 262 408 311 adseveravit.
478 276 596 309 nam
634 260 756 309 dicit
794 260 1038 324 cooperiri
1068 261 1243 310 debere
1276 278 1463 324 equum
1494 264 1773 330 diligenter,

80 336 155 384 ita
191 337 252 383 ut
281 350 441 398 usque
474 335 538 383 ad
568 336 754 383 terram
786 335 1096 398 coopertoria
1127 334 1471 400 demittantur,
1510 354 1571 385 ne
1603 339 1772 387 fumus

80 409 424 472 thymiamatis
476 410 639 472 exeat,
694 410 746 456 et
798 408 868 456 sic
919 411 1142 458 castoreo
1192 409 1488 458 carbonibus
1537 411 1771 473 imposito

83 499 277 531 omnem
327 484 551 531 ventrem
601 484 652 530 et
700 483 852 530 testes
903 481 1062 544 ipsius
1117 483 1234 545 equi
1283 484 1543 548 fumigari:
1600 485 1773 533 statim

33 565 54 598 5
76 557 244 605 meiat.
309 556 542 619 prodesse
574 559 743 604 tamen
774 557 873 604 mel
905 558 1101 605 coctum
1133 557 1322 605 salibus
1353 557 1498 622 iungi
1529 560 1580 606 et
1610 559 1772 607 facere

76 630 262 693 pilulas
301 630 354 677 in
391 630 596 679 modum
636 630 718 679 ovi
749 631 799 678 et
829 630 882 678 in
922 646 1017 679 ano
1049 647 1244 693 ponere.
1307 632 1400 680 hoc
1440 631 1592 680 etiam
1626 633 1772 695 prod·

79 706 155 753 est
194 704 278 768 eis,
319 704 408 767 qui
447 705 708 766 strophum
746 705 1026 766 patiuntur.

188 777 316 826 Sane
362 778 521 840 ipsius
567 778 813 840 passionis
860 794 1043 842 genera
1091 781 1209 826 sunt
1254 779 1373 827 tria:
1423 795 1584 827 unum
1637 780 1882 842 quod152

75 850 261 900 dicitur
291 852 510 915 dysuria,
551 851 750 913 quando
783 851 978 900 tardius
1009 853 1176 915 meiat,
1217 854 1432 902 alterum
1469 853 1770 918 stranguria,

9 935 53 968 10
76 926 276 989 quando
317 942 431 974 cum
470 925 638 974 dolore
671 927 722 973 et
753 924 1050 974 difficultate
1082 926 1249 990 meiat,
1288 927 1497 975 tertium
1535 927 1770 992 ischuria,

76 999 275 1062 quando
316 999 515 1049 omnino
554 1015 654 1048 non
691 999 859 1064 meiat,
901 1000 1036 1062 quod
1073 1017 1173 1049 non
1211 1000 1358 1049 facile
1399 1003 1617 1049 curatur.
1689 1002 1771 1050 cui

75 1074 229 1121 etiam
266 1090 356 1136 pro
397 1073 659 1137 diligentia
698 1075 749 1122 et
786 1090 876 1135 pro
917 1089 1083 1122 amore
1123 1090 1369 1137 equorum
1405 1075 1682 1124 remedium
1720 1078 1772 1124 et

75 1147 292 1196 medelas
331 1163 514 1211 negare
553 1163 653 1196 non
693 1147 861 1211 debes,
909 1148 994 1196 sed
1041 1148 1215 1196 calidis
1252 1148 1401 1196 rebus
1439 1149 1539 1213 uti,
1591 1148 1666 1197 ita
1710 1151 1772 1197 ut

77 1221 312 1285 spongias
352 1221 540 1269 calidas
578 1221 700 1270 locis
740 1221 971 1270 omnibus
1018 1222 1335 1271 naturalibus
1382 1223 1670 1287 admoveaS,
1721 1225 1772 1271 et

11 1303 52 1336 15
76 1295 303 1358 potiones
364 1296 654 1357 frequenter
706 1296 853 1343 melle
908 1297 958 1344 et
1012 1311 1158 1358 passo
1212 1296 1381 1344 mixtis
1437 1312 1551 1344 cum
1606 1312 1768 1359 aquae

21 1410 26 1415 .
74 1369 264 1418 calidae
304 1369 532 1417 sextariis
582 1385 735 1431 prope
788 1369 983 1418 duobus
1032 1386 1121 1432 per
1171 1370 1426 1418 sinistram
1474 1386 1648 1419 narem
1696 1371 1770 1419 in-

74 1443 294 1492 fundere.
357 1443 481 1491 facit
513 1443 665 1492 etiam
696 1443 794 1505 ipsi
824 1443 1047 1505 passioni
1079 1446 1129 1492 et
1159 1444 1363 1506 prodest
1393 1459 1541 1508 aqua,
1579 1443 1633 1492 in
1669 1460 1771 1507 qua

73 1517 218 1565 betae
251 1519 342 1565 aut
371 1517 567 1565 malvae
599 1517 789 1565 fuerint
820 1517 1065 1581 decoctae,
1106 1533 1220 1566 cum
1252 1518 1398 1566 melle
1430 1518 1562 1565 data.
1633 1517 1769 1567 cibos

73 1591 255 1639 virides
295 1591 412 1639 dare
453 1590 589 1653 quod
627 1590 670 1638 si
707 1594 906 1653 tempus
952 1608 1052 1640 non
1090 1591 1334 1656 patietur,
1382 1592 1589 1640 faenum
1627 1592 1768 1640 meli-

7 1673 50 1706 20
73 1667 210 1714 013130
251 1680 511 1728 aspergere
551 1667 602 1713 et
640 1664 699 1713 de
738 1665 921 1713 hordeo
959 1665 1177 1713 tisanam
1209 1681 1323 1714 cum
1354 1666 1611 1715 melicrato
1651 1666 1768 1714 dare

71 1739 399 1786 utilissimum
438 1741 524 1787 est.
601 1738 679 1786 his
719 1741 890 1787 autem
926 1739 1074 1787 rebus
1121 1740 1361 1802 praebitis
1410 1756 1552 1789 omne
1590 1739 1768 1787 intrin-

72 1827 212 1861 secus
252 1813 465 1876 malum,
513 1812 647 1875 quod
686 1828 746 1860 ex
784 1813 972 1861 acerbis
1012 1814 1271 1862 umoribus
1309 1814 1553 1878 nascitur,
1602 1814 1767 1863 dulce-

72 1887 185 1935 dine
223 1886 334 1949 ipsa
372 1886 534 1935 mellis
581 1887 662 1935 vel
709 1886 927 1936 aliarum
971 1903 1138 1936 rerum
1191 1887 1431 1936 similium
1478 1887 1770 1937 dissolvitur

76 1963 227 2023 atque
268 1962 487 2009 curatur.

6 2041 50 2074 85
184 2034 314 2083 Item
360 2034 423 2082 ad
466 2049 549 2083 eos
588 2030 713 2096 <qui
754 2051 854 2084 non
897 2030 1138 2099 meiant>,
1176 2035 1389 2083 Emeriti
1431 2035 1764 2084 mulomedici.
1785 2042 1878 2088 153

70 2108 404 2157 rosmarinum
435 2108 653 2170 decoque
686 2109 736 2156 et
768 2108 827 2156 de
859 2109 1022 2157 calida
1053 2109 1163 2171 ipsa
1195 2111 1347 2157 testes
1378 2109 1559 2158 foveto.
1633 2109 1767 2171 quod

72 2183 114 2230 si
144 2182 339 2230 tardius
370 2181 644 2245 meiaverit,
678 2182 902 2230 cimicem
932 2182 1105 2231 vivum
1136 2183 1189 2230 in
1223 2198 1395 2231 aurem
1427 2183 1544 2245 equi
1574 2182 1766 2231 mittito

71 2259 123 2304 et
161 2257 378 2305 alterum
416 2271 568 2317 supra
605 2258 854 2320 naturam,
897 2272 998 2318 qua
1035 2256 1202 2319 meiat,
1243 2257 1528 2305 confricato.
1597 2256 1767 2305 certis-

74 2330 258 2378 simum
294 2329 571 2378 remedium
610 2332 698 2377 est.

2 2410 48 2444 30
182 2404 310 2452 Item
349 2404 412 2452 ad
451 2419 533 2452 eos
574 2403 662 2465 qui
700 2404 894 2451 tardius
932 2404 1132 2452 meiant.
1210 2420 1382 2466 porros
1429 2404 1674 2466 decoque's
1714 2406 1765 2452 et
1783 2410 1878 2456 154

72 2493 247 2526 sucum
296 2493 469 2526 eorum
515 2477 746 2540 exprimis
798 2478 862 2525 ad
912 2478 1182 2526 sextarium
1231 2480 1282 2526 et
1327 2478 1612 2527 commisces
1659 2478 1764 2527 vini

70 2551 252 2600 veteris
299 2554 350 2599 et
396 2551 492 2600 olei
539 2551 859 2600 acetabulum
905 2553 956 2600 613
1002 2552 1141 2600 dabis
1187 2569 1277 2614 per
1321 2568 1493 2600 narem
1539 2551 1764 2599 dextram

71 2627 122 2673 et
160 2625 457 2674 deambulet.
534 2626 627 2674 1100
665 2625 817 2674 facies
856 2626 1039 2689 triduo,
1078 2628 1138 2673 ut
1175 2626 1337 2689 magis
1377 2641 1528 2673 sanus
1568 2625 1645 2672 sit.

193 2757 213 2794 l
249 2765 418 2807 equum
447 2752 635 2806 scripsi:
667 2754 725 2796 osi
770 2752 786 2807 ΙΙ
832 2755 857 2794 2
891 2750 1192 2795 dimittantur
1235 2753 1252 2809 ss
1299 2757 1324 2795 3
1366 2752 1581 2795 castoresi
1622 2753 1630 2809 Ι
1678 2750 1765 2794 1111-

70 2810 229 2867 positu
257 2811 274 2866 ΙΙ
305 2814 330 2853 ’1
363 2810 428 2854 eis
460 2811 648 2867 scripsi.-
679 2814 728 2854 et
753 2813 760 2866 Ι
789 2810 985 2854 strofum
1015 2812 1031 2866 ΙΙ
1066 2816 1118 2854 13
1150 2810 1376 2854 medellas
1403 2812 1409 2864 1
1438 2809 1622 2854 callidis
1653 2811 1669 2867 ΙΙ
1710 2814 1766 2854 14

72 2868 266 2914 callidas
288 2870 304 2925 ΙΙ
329 2873 384 2912 15
409 2869 559 2914 mistis
586 2871 593 2927 1
621 2869 819 2914 callidae
843 2872 858 2926 ΙΙ
884 2874 938 2914 18
955 2871 1148 2914 decocte
1170 2872 1187 2926 ss
1212 2874 1265 2914 19
1284 2870 1392 2914 fenfi
1417 2870 1433 2925 ΙΙ
1455 2873 1512 2912 20
1535 2883 1735 2927 asperge
1751 2869 1767 2928 ΙΙ

72 2933 127 2972 21
161 2926 358 2984 prebitis
380 2930 396 2984 ΙΙ
418 2932 475 2972 22
508 2929 686 2973 aceruis
710 2929 726 2985 ΙΙ
750 2933 806 2972 26
840 2927 1013 2973 callida
1035 2931 1050 2986 ΙΙ
1073 2933 1130 2973 28
1162 2931 1332 2972 natura
1353 2930 1370 2985 ΙΙ
1393 2934 1455 2972 32-
1481 2930 1631 2973 11613611

2038 0 2060 343 ψ-ψψψςῆωῗῆξε-νη*

2042 348 2060 640 Α-»ν--Ὗ-υὼῑτεετ

2046 942 2060 1309 seem-ffffl*
2045 651 2060 934 W·“

2054 2138 2060 2162 x*
2058 2124 2060 2126 .
2052 1809 2060 2110 3-7.—-aed-m³a—-⁴—4.--.AE
2051 1692 2060 1800 „aa-ra.
2050 1375 2060 1679 &muza-
