2060 3232
760 145 1161 198 —143—

116 287 227 331 quos
257 275 377 320 mira
400 277 699 333 persuasione
729 275 910 320 Fatuos
942 279 1131 330 vocant;
1166 275 1294 320 XXX
1320 281 1391 321 84.
1453 277 1719 336 Hieronym.
1751 279 1801 324 in

114 333 304 378 Esaiam
327 333 370 378 V
396 340 464 390 13,
490 338 546 378 21
577 336 647 380 vel
675 335 921 379 incubones
950 336 1019 380 vel
1048 339 1228 393 satyros
1248 336 1318 380 vel
1339 337 1560 381 silvestres
1583 340 1800 394 quosdam

117 393 330 447 hommes,
361 407 471 450 quos
499 394 716 438 nonnulli
755 393 953 438 Faunos
989 395 1173 449 ficarios
1210 399 1373 440 vocaut
1410 400 1492 439 aut
1533 397 1800 442 daemonum

112 465 278 508 ymera
307 453 586 509 iutellequut.
636 452 758 498 Celsi
782 451 1096 510 fragmentum
1126 452 1304 509 primus
1335 453 1565 498 indicavit
1587 454 1798 499 Reitzen-

114 511 238 555 stein
251 511 308 554 de
327 510 484 568 script.
501 511 568 555 rei
585 514 697 558 rust.
717 511 848 556 libris
870 512 1126 569 deperditis
1152 512 1280 567 (diss.
1298 512 1500 558 Berolin.
1522 515 1654 570 1884)
1672 529 1714 571 p.
1728 519 1799 559 55.

230 569 292 614 32
336 567 437 615 001.
474 570 537 614 VI
569 575 647 626 38,
681 577 721 616 3.
755 576 795 616 4.
860 571 975 626 Veg.
1006 570 1051 615 Π
1075 577 1154 627 28,
1188 576 1257 616 16.
1321 572 1379 616 Η
1408 577 1490 618 186
1530 566 1662 632 ᾧτινι
1701 573 1799 632 ζώῳ

111 627 335 685 λεπτότης
364 628 582 686 πρόσεστι
613 631 694 674 καὶ
718 631 960 688 ἀνωμαλία
984 631 1305 688 θεραπεύεται
1329 630 1473 683 οὕτως
1498 654 1554 668 =
1575 633 1635 676 M
1648 637 1704 676 28
1724 632 1797 690 ρξ’

111 687 371 733 inscribens
403 689 520 746 πρὸς
549 690 602 734 τὸ
634 690 748 734 αὐτὸ
780 689 1075 748 προπότισμα
1114 688 1437 747 Κολουμέλλου
1469 690 1628 749 (κόλου
1660 689 1800 749 με’λου

110 747 186 791 vel
217 750 356 792 κολου
389 747 532 805 μένου
565 749 687 806 cod.)

234 806 344 864 Cap.
370 807 452 853 111.
492 807 554 852 33
579 808 806 853 Similiter
829 808 972 853 febris
998 808 1279 864 describitur
1303 809 1362 852 ab
1387 808 1590 866 Apsyrto
1613 810 1754 868 Hipp.
1777 816 1800 854 1

30 911 33 912 γ
111 862 226 922 λέγω
267 865 319 910 δὲ
359 873 543 924 πρῶτον
581 866 690 923 περὶ
726 874 808 912 τοῦ
847 865 1155 924 πυρέττοντος
1199 868 1260 919 ὡς
1305 863 1709 925 ἐπιγνωσθήσεται
1748 865 1801 913 ἐν

110 929 208 975 τοῖς
238 927 444 982 σημείοις
481 926 731 978 τοιούτοις·
782 925 877 984 ἔχει
915 926 1001 982 τὴν
1041 926 1254 983 κεφαλὴν
1293 926 1681 985 καταρρέπουσαν
1722 924 1800 972 ἐπὶ

108 983 197 1087 θὴν
229 990 317 1087 γΙῆΙν
348 988 457 1040 κτλ.,
491 1001 628 1042 quem
662 993 880 1031 secuntur
911 985 1148 1031 Hierocles
1187 986 1327 1044 Hipp.
1362 992 1388 1031 5
1422 991 1470 1032 et
1500 987 1799 1045 Pelagoniae.

156 1057 225 1100 eg.
319 1049 360 1098 1,
386 1050 426 1089 3.
452 1049 492 1087 4.

229 1102 292 1147 34
323 1105 550 1161 Apsyrtus
581 1102 721 1161 Hipp.
752 1109 772 1147 1
806 1103 1126 1162 θεραπεύεται
1150 1104 1202 1149 δὲ
1228 1104 1383 1156 οὕτως.
1431 1106 1626 1162 αἵματος
1656 1106 1798 1162 ἀφαι-

112 1159 237 1220 ρέσει
270 1157 321 1206 ἐκ
352 1169 444 1207 τῶν
475 1162 725 1221 κροτάφων
757 1167 850 1207 κτλ.
913 1163 1114 1209 Hierocl.
1138 1164 1169 1209 l.
1197 1179 1235 1210 c.
1298 1166 1413 1221 Veg.
1436 1165 1480 1208 II
1506 1171 1545 1223 1,
1571 1170 1611 1210 5.
1643 1166 1686 1209 II
1711 1170 1752 1210 2.

232 1222 327 1276 qui
373 1224 559 1267 autem
615 1226 712 1267 aut
756 1225 917 1267 tactu
971 1223 1268 1268 auriculae
1313 1238 1351 1269 e.
1384 1238 1430 1280 q.
1463 1224 1520 1282 8.]
1567 1226 1797 1281 Apsyrtos

108 1279 248 1337 Hipp.
282 1286 330 1325 2:
364 1281 465 1326 ὅσοι
489 1281 542 1326 δὲ
566 1289 648 1326 τοῦ
674 1282 788 1333 ὠτὸς
818 1281 1074 1339 ἁπτόμενοι
1104 1283 1185 1327 καὶ
1216 1282 1332 1340 πρὸς
1362 1288 1416 1342 τῇ
1447 1287 1625 1345 πλευρᾷ
1656 1298 1799 1341 προσ-

112 1341 325 1391 τιθέντες
363 1341 448 1397 τὴν
486 1346 621 1398 χεῖρα
660 1341 790 1399 παρὰ
821 1342 902 1386 τὸν
934 1342 1125 1398 ἀγκῶνα
1156 1349 1238 1386 τοῦ
1263 1342 1389 1400 ὤμου
1414 1340 1598 1399 λέγουσι
1629 1340 1799 1399 πυρέσ-

54 1412 60 1418 ⁸
112 1415 224 1458 σειν,
244 1401 328 1445 οὐκ
345 1401 662 1457 ἀληθεύουσιν
687 1398 829 1446 οὗτοι.
880 1402 1075 1458 οὐδεμία
1098 1401 1187 1459 γὰρ
1212 1401 1453 1456 ἀπόδειξίς
1477 1398 1572 1447 ἐστι
1595 1408 1797 1460 πυρετοῦ

110 1460 192 1504 διὰ
229 1467 378 1505 τοῦτο.
441 1460 702 1505 Hierocles:
743 1459 792 1505 οἷ
827 1459 986 1518 μέντοι
1024 1461 1118 1505 ἀπὸ
1157 1467 1238 1517 τῆς
1275 1468 1356 1505 τοῦ
1397 1462 1511 1512 ὠτὸς
1553 1460 1679 1518 ἁφῆς
1717 1461 1799 1504 καὶ

109 1525 190 1576 τῆς
220 1523 423 1577 πλευρᾶς
452 1526 534 1576 τῆς
570 1520 687 1578 πρὸς
728 1520 813 1576 τὴν
852 1521 1094 1577 ἀκρωμίαν
1134 1522 1399 1578 νομίζοντες
1437 1521 1679 1565 δύνασθαι
1717 1534 1798 1576 ση-

110 1581 362 1636 μειοῦσθαι
393 1579 474 1623 τὸν
505 1581 874 1637 πυρετταίνοντα
906 1581 1104 1624 δοκοῦσί
1129 1596 1208 1636 μοι
1238 1586 1318 1636 τῆς
1349 1580 1559 1636 ἀληθοῦς
1597 1579 1658 1638 μὴ
1691 1596 1799 1636 τυγ-

109 1638 272 1695 χάνειν
303 1637 621 1695 καταλήψεως.
685 1638 854 1695 quibus
887 1638 1071 1684 collatis
1103 1640 1246 1684 verba
1284 1654 1366 1685 uec
1396 1642 1638 1685 ostendunt
1667 1652 1712 1684 se
1742 1640 1797 1684 de

108 1699 239 1743 vertis
275 1699 529 1756 iutelleyere
566 1697 827 1753 febrientem
863 1701 991 1743 recte
1028 1698 1204 1742 tradita
1243 1713 1339 1743 esse
1378 1699 1672 1756 negaverim3
1705 1698 1797 1742 for-

110 1758 238 1801 tasse
269 1759 398 1802 recta
429 1756 675 1814 archetypi
698 1757 838 1802 lectio
869 1759 924 1802 de
946 1759 1070 1802 ueris
1103 1757 1229 1813 (vide
1254 1758 1361 1803 adn.
1395 1759 1530 1815 crit),
1560 1759 1614 1801 ut
1645 1756 1796 1802 dicat:

111 1830 222 1861 vera
252 1817 386 1874 signa
415 1831 510 1861 non
538 1815 837 1873 intellegunt,
869 1819 1038 1861 nedum
1075 1830 1231 1861 veram
1263 1817 1493 1861 rationem
1523 1817 1694 1862 norint.

229 1876 291 1922 35
324 1876 382 1920 H
402 1880 428 1920 5
460 1878 761 1933 Πελαγωνιόυ
794 1876 910 1934 πρὸς
939 1876 1140 1934 πυρετὸν
1174 1871 1493 1933 ἐνδότερον-τε
1513 1878 1575 1920 Μ
1599 1882 1654 1920 14
1686 1876 1743 1929 ζ’.

228 1934 367 1980 mali
411 1937 621 1994 terrae]
662 1935 956 1993 χαμαιμήλου
995 1943 1049 1992 ys)
1088 1940 1210 1991 τρεῖς
1248 1936 1325 1988 Η,·
1363 1936 1486 1980 infra
1526 1941 1580 1980 52
1620 1936 1797 1980 malum

110 1995 330 2040 terrestre
362 1998 508 2052 μῆλον
540 1996 870 2053 μανδραγόρου
902 1997 986 2040 est.
1050 1995 1106 2040 cf.
1140 1996 1258 2039 Plin.
1291 1995 1423 2039 XXV
1450 1999 1526 2039 95.
1587 1994 1797 2039 Dioscor.

108 2053 175 2098 IV
200 2060 269 2100 76.
331 2053 496 2099 Isidor.
520 2054 674 2111 Etym.
700 2054 830 2098 XVII
854 2060 896 2111 9,
922 2058 978 2099 30
1005 2055 1396 2112 (mandrayoram)
1429 2054 1597 2100 Latini
1626 2055 1798 2099 malum

107 2118 254 2158 terrae
283 2118 460 2159 vocant.

228 2173 291 2217 36
323 2173 380 2217 H
398 2178 425 2218 8
457 2172 570 2218 ἄλλο
605 2173 722 2230 πρὸς
759 2173 961 2230 πυρετὸν
999 2173 1081 2217 καὶ
1119 2176 1386 2229 λεπτότητα.
1451 2171 1495 2216 εἰ
1532 2173 1673 2223 ἵππος
1710 2187 1798 2215 πυ-

112 2234 343 2288 ρετταίνοι
366 2230 394 2287 ἢ
413 2232 577 2284 λεπτὸς
602 2234 672 2288 εἴη
698 2230 726 2287 ἢ
752 2232 882 2277 πόνω
905 2232 999 2276 τινὶ
1023 2228 1250 2291 ἐνδοτέρω
1274 2237 1587 2276 καταπονοῖτο
1620 2234 1712 2275 κτλ.
1739 2252 1795 2268 =

112 2293 175 2336 M
192 2295 248 2336 14
271 2291 338 2347 η’.
370 2291 559 2349 Vegetii
582 2292 791 2348 pondera
815 2277 864 2335 11¹
882 2297 924 2346 6,
950 2297 972 2335 1
1000 2306 1104 2335 cum
1129 2291 1459 2348 Pelagonianis
1484 2290 1794 2335 consentiunt.

229 2350 333 2394 iris
365 2350 641 2407 Illyricae
699 2352 830 2408 ἴρεως
855 2348 1105 2408 Ἰλλυρικῆς
1135 2350 1187 2394 τὸ
1219 2349 1469 2406 λεγόμενον
1501 2349 1666 2408 ἄγριον
1698 2350 1798 2406 κρί-

114 2426 199 2454 νον
232 2411 296 2454 Η.
323 2411 592 2513 Vglossema
621 2426 647 2453 τ
707 2410 956 2467 λεγόμενον
989 2409 1154 2467 ἄγριον
1187 2426 1257 2467 κρ.
1291 2410 1424 2455 deest
1452 2409 1504 2452 in
1534 2410 1589 2454 P.

229 2470 287 2515 37
368 2483 393 2513 e
430 2503 440 2514 .
464 2470 504 2513 II
531 2475 572 2525 6,
597 2474 639 2514 2.

228 2529 365 2574 herb
378 2484 459 2574 agm
491 2528 890 2586 urceolariam]
907 2528 1021 2572 trita
1040 2527 1191 2573 forma
1214 2530 1287 2573 est
1308 2529 1572 2583 urceolaris,
1589 2529 1641 2572 ut
1656 2526 1707 2570 in
1724 2531 1796 2571 39.

111 2590 370 2634 urceolaria
394 2589 588 2633 vocatur
611 2588 726 2632 item
744 2592 841 2632 112.
869 2592 969 2632 302.
1009 2588 1083 2632 Ps.
1103 2587 1242 2645 Apul.
1259 2589 1389 2633 herb.
1408 2592 1479 2632 81.
1512 2587 1700 2630 Graecis
1726 2587 1798 2630 est

110 2649 355 2705 περδίκιον
393 2648 471 2692 vel
500 2646 766 2706 περδικιάςε
800 2651 856 2691 39
897 2646 1097 2707 βοτάνης
1141 2646 1446 2704 περδικιάδος
1487 2644 1546 2700 ἣν
1580 2644 1797 2701 Ῥωμαῖοι

113 2706 361 2764 οὐρκιόλαρ
393 2709 598 2762 καλοῦσι,
634 2711 717 2751 112
744 2706 948 2766 βοτάνην
971 2704 1031 2762 ἣν
1045 2704 1265 2763 ’Ἕλληνες
1296 2706 1381 2763 μὲν
1404 2706 1661 2762 περδίκιον,
1690 2702 1797 2747 Ῥω-

112 2772 244 2824 μαῖοι
275 2765 326 2811 δὲ
359 2765 636 2823 ὀρκιολαρὲμ
682 2765 989 2823 ὀνομάζουσιν
1028 2767 1110 2822 (Μ
1135 2771 1191 2810 80
1224 2766 1355 2822 (ρκ’),
1404 2770 1489 2809 302
1538 2763 1678 2820 χυλὸν
1717 2768 1799 2819 τῆς

114 2825 314 2885 βοτάνης
337 2826 594 2882 περδικίου.
628 2825 685 2870 cf.
711 2827 830 2870 Plin.
854 2841 898 2870 n.
924 2827 969 2869 h.
994 2825 1122 2870 XXII
1146 2830 1203 2870 43
1220 2826 1478 2882 perdicium
1501 2826 1595 2868 sive
1612 2823 1796 2879 parthe-

111 2887 270 2931 nium.
291 2886 404 2930 ..ab
435 2886 603 2930 uostris
632 2886 771 2930 herba
801 2886 1050 2931 urceolaris
1080 2889 1290 2940 vocatur,
1323 2885 1381 2929 ab
1421 2884 1529 2928 aliis
1559 2887 1795 2927 astercum.

232 2944 294 2989 38
325 2944 382 2989 H
402 2948 427 2987 8
460 2941 570 2988 ἄλλο
602 2943 908 3002 προπότισμα,
942 2943 1168 3001 γάλακτος
1200 2944 1355 2988 ὀνείου
1381 2944 1541 2999 λίτραν
1566 2943 1678 3000 μίαν
1702 2944 1795 2984 κτλ.
