2060 3232
888 126 1282 179 -176—

250 257 342 301 ὑπὸ
367 255 610 331 (μυγαλῆς
640 255 700 314 μὴ
734 255 1013 311 δάκνεσθαι,
1045 254 1172 300 τόδε·
1206 256 1257 300 τὸ
1290 258 1407 310 ζῶον
1439 256 1551 301 αὐτὸ
1575 255 1697 317 τὴν)
1723 259 1933 314 μυγαλῆν

249 315 422 367 πιάσας
452 315 587 375 γύψῳ
618 316 919 390 neofwlocoov.

369 374 461 419 281
494 375 552 418 Η
577 379 661 418 222
695 373 805 418 ἄλλο
845 372 911 424 εἰς
949 373 999 418 τὸ
1040 373 1168 418 αὑτό.
1231 373 1260 430 ἡ
1305 377 1483 432 μυγαλῆ
1522 374 1638 431 πρὸς
1675 374 1727 419 τὸ
1767 369 1935 432 ἑαυτῆς

252 431 452 491 μέγεθος
497 432 672 508 μεγάλα
719 434 800 477 καὶ
837 432 896 476 τὰ
934 431 1148 490 δήγματα
1184 438 1320 477 ποιεῖ
1348 436 1441 477 κτλ.
1510 434 1573 478 Μ
1610 437 1692 477 102
1731 433 1821 490 ψη’
1856 433 1930 490 (cf,

253 493 316 537 M
343 497 427 537 100
459 505 548 561 χᾳς
558 492 605 546 ’).
663 491 779 548 Veg.
811 491 855 536 V
879 495 958 547 81,
983 496 1009 534 3
1054 493 1174 561 quod
1210 493 1253 536 si
1296 506 1561 549 praequam
1598 506 1699 538 mus
1736 505 1935 538 araneus

253 553 397 607 fuerit
426 553 509 608 qui
533 552 822 608 percusserit,
852 551 923 594 his
954 551 1219 608 aquoseitur
1248 551 1398 607 siquis
1430 563 1468 595 0.
1495 565 1585 606 q.s

372 609 418 654 si
459 613 645 654 autem
685 611 934 654 tumores
965 622 1003 652 0.
1030 624 1074 664 q.
1101 609 1160 667 s.]
1199 622 1374 654 umores
1413 600 1710 654 Sarchianius
1742 609 1937 655 dederat

253 668 410 713 nescio
444 683 505 712 an
535 668 721 713 rectius.
784 667 842 711 cf.
866 667 981 723 Veg.
1007 666 1051 710 V
1075 670 1148 721 81,
1177 671 1203 711 3
1236 669 1356 724 quod
1394 669 1436 712 si
1474 669 1707 725 eruperint
1743 669 1935 713 vulnera

250 732 494 781 venenata,
539 726 769 782 interpres
816 725 958 782 ἡνίκα
998 725 1050 770 δὲ
1089 725 1149 770 τὰ
1185 732 1267 783 τῆς
1305 729 1567 783 φλεγμονῆς
1605 724 1933 784 ἀπορραγέντα

253 785 318 838 εἰς
348 793 530 844 τραῦμα
562 786 847 844 μεταβληθῇ.

372 845 665 902 potionem
721 857 854 888 sane
907 844 1180 887 anethum
1230 844 1457 901 tritum]
1514 845 1652 888 aliter
1705 844 1935 918 interpres

254 905 389 948 δίδου
422 903 474 948 δὲ
506 903 587 947 καὶ
616 902 910 959 προπότισμα
943 902 1035 947 ἀπὸ
1069 901 1259 973 ἀνήθου
1290 903 1372 947 καὶ
1410 903 1608 959 ἀλεύρου
1648 900 1824 947 σιτίνου
1856 902 1937 947 καὶ

255 964 446 1020 κεδριάς
469 962 625 1019 ὀλίγης
647 961 729 1006 καὶ
747 961 878 1006 οἴνου
904 959 1064 1015 ξέστου
1089 958 1140 1005 α’
1166 960 1611 1020 κατεσκευασμένον,
1635 976 1720 1006 1100
1737 960 1938 1006 multum

257 1022 414 1066 differt
443 1022 559 1078 Veg.
584 1021 627 1064 V
651 1026 723 1078 81,
749 1027 775 1065 3
808 1022 1005 1066 daturus
1020 1022 1254 1078 potionem
1272 1023 1489 1078 pollinem
1515 1023 1676 1078 tritici,
1707 1022 1938 1075 hordeum,

259 1082 458 1125 cedrium
490 1086 532 1124 et
560 1081 662 1124 viui
691 1081 944 1124 sextarium
970 1093 1055 1135 per
1085 1081 1241 1135 fauces
1271 1081 1460 1137 deyeres.
1509 1094 1629 1136 quae
1663 1079 1703 1124 si
1734 1082 1861 1125 10010
1887 1093 1936 1124 se

257 1138 455 1194 habent,
495 1138 692 1183 restitue
732 1139 829 1182 fere
869 1139 1095 1193 anethum,
1133 1138 1420 1198 (pollinem)
1456 1140 1603 1185 tritici
1640 1153 1742 1185 eum
1781 1139 1936 1184 cedria

259 1196 508 1257 (modica)
539 1202 581 1242 et
613 1211 714 1241 cum
744 1197 845 1241 viui
875 1196 1144 1272 (sextario)
1167 1198 1313 1242 dabis.

252 1315 293 1359 V
360 1255 468 1361 232
500 1256 557 1300 H
583 1260 668 1300 218
700 1255 816 1314 πρὸς
848 1254 906 1299 τὰ
939 1255 1032 1300 ἀπὸ
1066 1257 1339 1314 φαλαγγίων
1371 1255 1598 1312 δήγματα.
1645 1257 1707 1300 Μ
1720 1260 1804 1301 102
1825 1255 1939 1312 ψθ’.

297 1329 356 1372 eg
459 1320 531 1360 80.
599 1335 604 1338 ·

354 1373 711 1441 phalangio]
752 1373 904 1417 forma
943 1373 1171 1428 sequioris
1213 1373 1382 1418 aetatis
1420 1373 1596 1431 legitur
1634 1372 1759 1430 apud
1805 1373 1937 1418 Pela-

255 1432 461 1490 gonium,
479 1432 753 1477 Marcellum
769 1438 838 1489 17,
852 1437 905 1477 15
924 1434 985 1489 (p.
1007 1436 1091 1477 172
1108 1430 1408 1489 Helmreich),
1435 1431 1645 1477 Cassium
1661 1433 1864 1477 Felicem
1883 1435 1939 1476 68

252 1494 315 1548 (p.
345 1495 427 1536 166
451 1491 591 1549 Rose)
624 1490 847 1547 aliosque.

375 1550 471 1595 283
503 1551 560 1593 H
586 1555 672 1594 216
706 1551 1008 1624 Πελαγωνίου
1040 1550 1157 1616 πρὸς
1187 1567 1245 1594 τα
1276 1550 1370 1595 ἀπὸ
1403 1546 1590 1607 ἐχίδνης
1614 1549 1827 1608 δήγματα
1857 1548 1939 1594 καὶ

260 1613 465 1666 μυγαλῆς
503 1609 584 1653 καὶ
624 1607 900 1667 φαλαγγίου.
970 1608 1148 1654 011111111
1190 1611 1347 1654 autem
1393 1610 1845 1666 praecantationem,
1885 1621 1942 1652 ex

259 1683 352 1725 qua
382 1669 607 1726 Vegetius
632 1668 673 1712 V
701 1674 770 1724 78,
799 1674 821 1712 1
864 1669 1099 1725 talparum
1138 1670 1310 1713 terram
1348 1668 1552 1713 breviter
1592 1667 1793 1724 stringit.
1849 1681 1941 1711 ser-

256 1728 387 1773 vavit
420 1729 480 1772 M
514 1732 597 1772 100
628 1727 739 1786 χοβ’
773 1728 1040 1784 corruptam
1071 1727 1161 1771 ita.
1199 1727 1229 1783 ἡ
1261 1726 1313 1771 δὲ
1345 1729 1548 1783 θεοφίλη
1581 1726 1756 1784 λιπαρὰ
1792 1724 1941 1784 παρή-

259 1803 381 1843 ματα
412 1786 492 1830 καὶ
526 1786 550 1830 ὃ
582 1784 710 1842 ἥλιος
739 1793 831 1830 τῶν
865 1787 1019 1830 1ι”ππων
1053 1784 1201 1837 ἰδικός
1241 1781 1336 1830 ἐστι
1378 1786 1604 1843 δεσπότης
1645 1785 1727 1830 καὶ
1765 1786 1939 1843 χαίρων

260 1846 375 1901 πρὸς
405 1845 490 1902 τὴν
521 1845 697 1890 τούτων
730 1843 912 1916 ἔρχεται
950 1847 1216 1918 θεραπείαν
1256 1841 1618 1902 ἐπικαλούμενος
1661 1844 1824 1899 ουτως,
1865 1842 1939 1888 ὅτε

257 1904 343 1960 τὴν
367 1911 455 1961 γῆν
479 1903 745 1979 λαμβανεις,
778 1902 899 1960 λέγε·
949 1902 1152 1948 δέσποτα
1183 1902 1282 1960 ήλιε
1305 1904 1453 1962 θερμὲ
1478 1904 1559 1948 καὶ
1582 1903 1747 1961 ψυχρὲ,
1779 1909 1941 1947 τοσοῦ-

258 1961 339 2007 τόν
379 1979 434 2020 με
474 1963 860 2020 ἀπηλλοτρίωσας.
922 1969 1058 2007 τοῦτο
1100 1961 1244 2019 λέγων
1292 1961 1459 2031 ἔμβαλε
1496 1963 1617 2007 κατὰ
1653 1969 1735 2007 τοῦ
1775 1965 1942 2019 λαιμοῦ

260 2022 311 2066 τὸ
342 2021 618 2094 βοήθημα.
643 2024 752 2078 post
781 2029 869 2078 γῆν
899 2021 1050 2066 insere
1084 2021 1341 2066 σκαλόπων.
1388 2022 1541 2079 prima
1563 2022 1708 2067 verba
1730 2021 1939 2065 Millerus

258 2081 356 2138 legl
402 2081 553 2125 voluit
594 2079 623 2136 ἡ
676 2080 728 2125 δὲ
775 2081 890 2131 θεὸς
929 2083 1063 2137 φιλεῖ
1104 2079 1422 2138 λιπαρήματα,
1463 2082 1545 2126 sed.
1587 2081 1738 2125 latent
1781 2080 1938 2137 potius

258 2143 430 2196 λιπαρῆ
464 2136 659 2197 ρήματα.
706 2140 754 2183 111
785 2155 824 2207 gp
863 2139 989 2197 quod
1021 2140 1150 2196 eieci,
1182 2141 1258 2185 vix
1289 2139 1509 2197 ponderis
1540 2141 1654 2184 nota
1676 2138 1941 2195 quaerenda

254 2202 383 2302 ξέἑεζν
404 2198 462 2242 de
516 2200 752 2256 talparum
804 2200 853 2243 111
906 2198 1138 2243 medicina
1187 2214 1276 2243 usu
1325 2199 1382 2243 of.
1440 2213 1478 2245 e.
1528 2214 1595 2256 gr.
1640 2198 1841 2243 Ρ1111.11.
1888 2198 1934 2241 h.

413 2262 467 2301 19
496 2271 589 2313 seq.

374 2316 470 2360 284
500 2317 554 2360 H
582 2321 668 2360 216
702 2312 786 2360 έαν
818 2316 870 2360 δε
904 2312 955 2360 έν
980 2317 1074 2375 ὁδῷ
1098 2332 1210 2361 ποτε
1242 2318 1390 2376 συμβῇ
1422 2323 1556 2361 τοῦτο
1590 2317 1734 2361 ιππον
1758 2317 1937 2359 παθεῖν

259 2377 351 2418 κτλ.
406 2376 467 2418 Μ
499 2379 582 2418 100
614 2374 739 2433 xqss'.
773 2376 887 2432 Veg.
912 2375 954 2419 V
980 2380 1050 2430 78,
1075 2381 1100 2419 2
1141 2377 1261 2432 quod
1289 2377 1332 2420 si
1362 2377 1414 2421 iu
1443 2378 1606 2420 itinere
1643 2380 1727 2420 aut
1756 2376 1808 2419 iu
1847 2376 1940 2419 loco

259 2434 340 2478 ubi
370 2434 486 2478 desit
508 2435 641 2490 copia
671 2435 971 2487 fomentorum
1001 2448 1147 2489 usque
1171 2435 1384 2491 prodesse
1415 2436 1628 2480 creditur.

378 2491 472 2535 285
506 2491 601 2536 286
632 2491 814 2536 inverso
849 2493 1008 2536 ordine
1039 2492 1088 2535 in
1119 2493 1177 2536 H
1196 2497 1281 2537 216
1306 2494 1536 2550 leguntur,
1561 2493 1680 2536 illud
1709 2492 1801 2535 ita:
1824 2491 1940 2546 πρὸς

260 2550 311 2594 δε
343 2549 402 2593 τὰ
433 2548 527 2594 ἀπο
561 2552 832 2606 φαλαγγίων
864 2551 944 2594 καὶ
977 2554 1191 2623 μυγαλῶν
1223 2551 1435 2608 μαλάχην
1465 2551 1617 2608 κόψας
1648 2549 1726 2594 κυὶ
1748 2550 1940 2600 λειώσας

263 2605 486 2666 ἐπιμελῶς
518 2604 783 2662 έναπόθους
822 2610 912 2654 hoc
953 2607 1133 2665 λέγεται
1165 2609 1217 2654 δε
1257 2609 1339 2653 καὶ
1376 2617 1511 2654 τοῦτο
1550 2608 1775 2666 ἁρμόδιον
1817 2606 1937 2653 εἶναι

257 2668 373 2723 πρὸς
404 2667 461 2711 τὰ
494 2668 589 2712 ἀπὸ
621 2675 712 2712 τῶν
746 2666 940 2727 ἰοβόλων
981 2674 1184 2712 παντοῖα
1224 2667 1458 2742 δήγματα,
1499 2667 1762 2724 ἀσφοδέλου
1807 2666 1937 2724 ῥίζαν

259 2727 373 2783 μετὰ
406 2728 536 2771 οἴνου
567 2730 771 2771 παλαιοῦ
803 2729 1082 2771 λειωθεῖσαν
1105 2732 1201 2778 τοῖς
1224 2726 1454 2802 δήγμασιν
1479 2723 1759 2771 ἐπιτιθέναι.
1814 2731 1944 2770 ποιεῖ

259 2785 310 2829 δε
344 2786 424 2829 καὶ
455 2793 611 2830 τοῦτο·
667 2786 821 2855 λαβὼν
853 2786 1089 2842 χελιδόνος
1121 2787 1339 2837 νεοσσους
1369 2786 1450 2830 καὶ
1473 2786 1663 2837 τούτους
1694 2785 1938 2841 ἀνατεμὼν

258 2848 320 2902 τῷ
351 2845 579 2901 τραύματι
609 2844 835 2902 πρόσαγε,
868 2844 948 2888 καὶ
980 2844 1125 2901 αυτὴν
1165 2844 1216 2889 δὲ
1255 2844 1340 2900 τὴν
1380 2845 1548 2889 καλιὰν
1586 2852 1666 2919 τῆς
1704 2845 1940 2901 χελιδόνος

260 2902 374 2958 μετὰ
415 2905 544 2947 οἱνου
583 2907 786 2948 παλαιοῦ
825 2904 1017 2954 λειώσας
1062 2909 1158 2955 τοῖς
1195 2902 1535 2961 πεπληγμένοις
1579 2900 1743 2954 ε’πίθες
1779 2902 1939 2952 τόποις
