2060 3232
890 134 1287 187 -166—

251 264 372 312 θους
408 261 472 321 β’,
505 262 635 306 οἴνου
667 261 879 314 κυάθους
911 264 958 323 β’
991 263 1077 320 τὴν
1108 264 1318 322 κεφαλὴν
1350 263 1572 322 κάθαιρε.
1614 263 1774 325 οἷσπερ
1807 264 1933 324 εἰμὴ

253 320 484 366 ὑπακούει
521 321 572 366 τὸ
616 321 795 377 πάθος,
836 321 1167 379 ἀθεράπευτον
1205 322 1406 381 ὑπάρχει
1443 324 1495 368 τὸ
1535 322 1728 381 νόσημα.
1792 327 1937 370 malui

253 383 415 423 tamen
443 381 711 437 suspiriosis
743 380 1025 437 coniungere
1058 396 1164 427 cum
1197 384 1441 428 enuntiato
1474 384 1785 428 antecedenti.

372 438 420 483 si
473 453 572 495 per
616 440 926 498 veretrum]
975 440 1075 486 scil.
1113 456 1201 498 pus
1243 441 1410 486 reddit.
1474 443 1538 486 M
1565 442 1610 487 h.
1643 457 1680 487 e.
1714 441 1936 487 Eumelus

252 496 332 541 hic
370 510 555 554 quoque
593 499 721 542 tacet
760 498 817 542 de
858 498 1028 544 catulo.
1098 499 1284 557 integra
1328 499 1572 555 Pelagonii
1611 501 1755 546 verba.
1793 501 1938 547 habes

252 555 310 599 H
332 560 416 600 155
442 578 498 593 =
523 556 587 600 M
603 562 658 600 33
691 556 765 614 ρξ’
806 559 1107 614 Πελαγωνίου
1147 558 1263 615 πρὸς
1301 559 1409 609 τοὺς
1446 559 1540 604 ἀπὸ
1580 558 1776 604 αἰδοίων
1813 560 1937 605 πύον

253 615 339 671 (ita
370 616 426 669 P,
457 614 575 665 πύος
605 615 674 669 H,
705 619 827 659 πῦον
861 617 940 672 M)
971 614 1214 673 φέροντας.
1263 617 1549 673 ἀλεκτρυόνα
1573 618 1655 661 καὶ
1686 618 1936 663 σκυλάκιον

252 673 373 717 κατὰ
403 674 543 718 ταύτὸ
577 668 758 729 ἑψήσας
789 673 901 731 μεθ’
937 675 1122 730 ὓδατος,
1155 673 1316 719 ἔπειτα
1348 675 1583 732 διηθήσας
1612 676 1664 720 τὸ
1696 676 1822 734 ὕδωρ
1855 678 1937 722 καὶ

253 733 527 792 προσβαλὼν
559 732 799 789 ἀσφάλτου
832 732 1133 791 λελειωμένης
1171 734 1383 792 δραχμὴν
1427 736 1539 791 μίαν
1578 735 1828 793 προπότιζε
1860 732 1938 781 ἐπὶ

264 789 274 804 ‘
318 790 341 835 ε’
371 808 445 842 αις
474 792 550 836 θ’.

250 807 315 847 mh
342 809 465 894 920ss
496 851 680 908 Duplex
710 851 759 895 in
789 855 849 895 M
882 851 1034 896 versio
1075 853 1203 896 extat
1226 866 1270 908 p.
1301 856 1355 896 18
1395 852 1460 909 (in
1500 853 1626 897 calce
1667 852 1838 910 capitis
1870 854 1935 910 λ’)

254 909 490 965 σκώληκας
538 911 762 961 σιτιστοὺς
809 911 902 955 ἀπὸ
958 911 1239 968 ἀρτοκοπίου
1295 911 1487 962 λειώσας
1531 912 1720 971 ἀριθμῷ
1764 910 1805 966 ζ’
1855 912 1937 956 καὶ

254 969 384 1012 οἰνου
417 967 629 1020 κυάθους
668 969 708 1023 ζ’
743 969 823 1013 καὶ
863 966 1021 1014 ἐλαίου
1060 969 1273 1021 κυάθους
1312 969 1380 1029 β’·
1416 966 1466 1014 ἕν
1497 971 1648 1030 ταύτῷ
1689 971 1935 1028 σύμπαντα

253 1027 389 1082 μίξας
430 1027 509 1072 καὶ
556 1027 749 1084 χλιάνας
788 1028 869 1072 διὰ
909 1027 1152 1085 μυκτήρων
1193 1030 1350 1084 δίδου,
1399 1033 1447 1073 et
1470 1045 1515 1084 p.
1543 1034 1628 1074 139
1667 1029 1780 1091 ᾳρα’
1821 1030 1938 1087 πρὸς

253 1085 403 1142 ἀρχὴν
436 1088 711 1137 δυσπνοίας·
761 1088 998 1143 σκώληκας
1028 1087 1123 1132 ἀπὸ
1147 1088 1431 1145 ἀρτοκοπίου
1463 1087 1521 1142 ζ’,
1555 1090 1686 1132 οἴνου
1726 1088 1939 1140 κυάθους

255 1143 319 1202 β”
351 1144 1077 1249 ’ἒοῗῖοὲλξὲώὲεἵῖοκῆἒιῗιέἶῇἱ
1094 1143 1921 1261 mist&Zvffss’fffflssof-‚Qssmssffgssa

252 1263 328 1315 ζ2
352 1263 415 1306 M
435 1268 519 1307 139
552 1263 661 1324 chg'
695 1221 998 1321 Πελαγωνγίου
1022 1264 1138 1322 πρὸς
1160 1222 1420 1308 δέσέζτνοιαν
1444 1222 1622 1320 ἕέπου).
1653 1266 1939 1336 reliq'uarum

252 1322 514 1376 specierum
545 1324 774 1380 interpres
806 1324 1026 1380 proponit
1054 1324 1214 1368 uncias
1258 1323 1466 1380 singulas
1498 1323 1592 1368 ἀνὰ
1629 1332 1684 1380 γῦ
1728 1341 1758 1368 α
1783 1358 1795 1380 ,
1828 1338 1936 1368 στα-

252 1380 405 1435 φίδων
451 1381 502 1426 τὸ
546 1383 736 1439 ἀρκοῦν.
800 1383 926 1438 quod
976 1381 1025 1426 in
1079 1381 1228 1427 altero
1283 1381 1443 1427 codice
1491 1382 1683 1427 extabat
1731 1397 1846 1429 uvae
1895 1383 1939 1426 V

255 1442 525 1497 corruptum
555 1441 742 1486 videtur
774 1455 831 1486 ex
862 1456 946 1487 ova
985 1442 1040 1496 V,
1071 1441 1141 1486 ita
1173 1441 1296 1485 enim
1339 1441 1564 1498 Vegetius
1587 1441 1609 1485 Ι
1636 1446 1703 1498 11,
1730 1447 1755 1486 6
1787 1441 1839 1485 in
1862 1457 1935 1487 re-

250 1498 406 1543 medio
441 1499 697 1545 simillimo.

372 1560 707 1618 †avenabis]
754 1557 1030 1604 καταλὲαινε
1078 1559 1320 1616 interpres.
1384 1559 1676 1604 desideratur
1721 1560 1941 1616 elauabis,

254 1617 471 1675 leviyabz‘s
516 1619 593 1664 vel
639 1619 791 1663 simile
837 1619 1044 1663 verbum.
1115 1617 1347 1663 avenandi
1386 1618 1581 1663 verbum
1619 1620 1744 1676 (wnit
1785 1619 1938 1673 Hafer

252 1679 350 1720 und
382 1679 511 1722 dame,
533 1680 790 1735 uberhaupt
819 1679 1033 1735 fu‘ttern’)
1059 1679 1359 1723 statuendum
1383 1691 1483 1722 esse
1501 1678 1705 1733 Georges
1730 1678 1819 1722 lex.
1838 1677 1936 1722 VII.

252 1734 362 1780 edit.
399 1751 432 1779 S.
459 1752 502 1782 v.
548 1739 626 1782 vix
678 1739 897 1795 cuiquam
951 1737 1265 1794 persuadebit.
1343 1738 1566 1782 alienabis
1622 1736 1936 1781 Buechelerus

253 1794 454 1839 coniecit
477 1796 650 1841 collato
676 1796 914 1840 alienandi
937 1797 1068 1842 verbi
1092 1797 1219 1853 apud
1251 1795 1374 1843 Cael.
1401 1797 1509 1842 Aur.
1535 1798 1583 1840 et
1605 1796 1809 1840 medicos
1835 1810 1935 1840 usu.

250 1912 314 1956 M
372 1853 467 1899 208
512 1855 569 1899 H
596 1858 651 1900 95
698 1855 987 1913 praescripto
1026 1854 1261 1912 Μάγωνος
1299 1856 1510 1912 nomine,
1551 1855 1675 1911 quod
1715 1855 1848 1899 deest
1885 1853 1937 1897 in

333 1917 416 1957 139
449 1931 480 1957 α
516 1913 589 1959 θ’.

370 1928 677 2018 οοέιὲἱᾱοτει
717 1973 1065 2031 diligentius
1099 1989 1136 2018 e.
1163 1988 1206 2030 q.
1240 1973 1297 2030 e.]
1337 1972 1388 2018 τὸ
1415 1979 1567 2030 σχῆμα
1589 1973 1750 2016 τοίνυν
1791 1973 1934 2016 αὐτοῦ

252 2030 503 2088 κατάμαθε
544 2036 833 2091 λεπτομερῶς
870 2033 950 2077 καὶ
990 2031 1070 2091 <εἰ
1098 2032 1219 2094 μὲν>
1260 2032 1325 2083 εἰς
1361 2031 1412 2077 τὸ
1461 2030 1616 2086 δεξιὸν
1654 2030 1939 2086 κεκύρτωται

248 2093 473 2147 (purqata
518 2092 691 2137 codicis
728 2093 866 2137 nihili
906 2094 994 2150 est)
1042 2091 1179 2150 μέρος
1228 2090 1499 2147 ἰαθήσεται,
1534 2089 1579 2135 εἰ
1615 2089 1667 2135 δὲ
1709 2089 1845 2149 (εἰς)
1884 2089 1934 2134 τὸ

251 2148 510 2207 ἀριστερὸν,
543 2149 882 2210 δυσχερέστατα
915 2150 1100 2207 ζήσεται
1131 2155 1223 2196 κτλ.
1259 2176 1314 2184 -
1339 2150 1613 2195 exciderunt
1643 2163 1751 2193 mox
1782 2149 1937 2193 oleum

251 2209 484 2253 laurinum
525 2212 574 2254 et
613 2212 773 2254 vinum
813 2214 947 2255 vetus
989 2237 1043 2243 --
1083 2210 1165 2255 καὶ
1205 2205 1384 2266 ἑψήσας
1427 2208 1524 2266 ἅμα
1564 2209 1794 2267 σκυλακίῳ
1827 2206 1937 2252 ὅσον

250 2265 435 2324 ἡμερῶν
469 2266 586 2313 δέκα
618 2265 853 2328 ἐπιβαλὼν
883 2267 1054 2329 <μέλι>
1085 2268 1114 2325 ἢ
1147 2269 1367 2327 ὑδρόμελι
1398 2268 1479 2313 καὶ
1510 2267 1602 2312 ὠὸν
1631 2265 1686 2312 ἓν
1720 2263 1796 2311 ἐπὶ
1827 2265 1939 2323 ἡμέ-

252 2342 356 2381 ραις
381 2333 638 2380 συναπταῖς
661 2328 742 2372 καὶ
762 2332 953 2380 πολλαῖς
970 2325 1253 2386 ἐγχυμάτιζε.
1294 2329 1486 2374 lacunas
1501 2325 1720 2371 editionis
1738 2325 1939 2382 Grynaei

250 2384 367 2428 bene
400 2387 558 2442 explet
589 2387 738 2431 codex
768 2389 823 2432 P.

371 2443 466 2489 209
498 2446 553 2488 Η
571 2450 628 2490 96
660 2445 783 2491 ἄλλο.
833 2445 863 2502 ἡ
905 2446 1138 2490 δύσπνοια
1176 2448 1356 2502 γίνεται
1396 2441 1447 2489 ἐκ
1486 2445 1701 2488 πλείστου
1746 2441 1938 2498 ἱδρῶτος

253 2504 346 2545 κτλ.
404 2503 676 2548 exciderunt
706 2506 855 2550 multa
879 2507 980 2562 (pro
1009 2503 1218 2562 ἰρυγγίου
1250 2506 1340 2561 leg.
1369 2504 1638 2561 συριγγίου).
1675 2503 1736 2545 Μ
1754 2505 1836 2545 139
1854 2499 1935 2562 αρ’

251 2560 368 2618 πρὸς
398 2561 671 2608 δύσπνοιαν.

371 2619 479 2678 Cap.
511 2622 629 2667 XIII.
693 2621 789 2667 210
834 2622 892 2666 Η
914 2627 996 2666 136
1039 2622 1341 2678 Πελαγωνίου
1385 2620 1494 2677 περὶ
1535 2620 1811 2675 ὑδεριῶντος
1857 2617 1937 2662 καὶ

250 2688 557 2735 τυμπανικοῦ.
611 2681 675 2726 Μ
692 2685 748 2726 36
780 2680 882 2738 Qqe'
923 2681 1223 2737 Πελαγωνίου
1262 2678 1371 2736 περὶ
1401 2680 1678 2735 ὑδρωπικῶν
1715 2677 1796 2721 καὶ
1827 2693 1938 2733 τυμ-

250 2746 477 2786 πανικῶν.
526 2740 583 2785 cf.
608 2739 724 2796 Veg.
751 2741 792 2784 V
817 2743 1006 2785 24—26.

373 2797 467 2843 211
500 2800 559 2843 H
580 2803 663 2843 137
708 2799 802 2843 ἀπὸ
833 2805 915 2843 τοῦ
948 2798 1160 2855 ὀμφαλοῦ
1195 2797 1254 2848 ὡς
1286 2792 1363 2841 ἐπὶ
1406 2797 1456 2841 τὸ
1498 2799 1670 2852 στῆθος
1710 2795 1803 2839 ἀπὸ
1852 2795 1938 2838 δα-

251 2854 427 2900 κτύλων
460 2857 546 2902 δύο
579 2857 685 2902 κατ’
723 2858 857 2914 εὐθὺ,
892 2857 952 2915 μὴ
989 2855 1065 2902 ἐπὶ
1107 2857 1158 2900 τὸ
1197 2856 1424 2914 πλευρὸν,
1463 2853 1818 2912 παρακέντησον
1857 2853 1934 2896 καὶ

251 2914 472 2960 αὐλίσκον
505 2915 673 2977 ἔμβαλε
706 2920 801 2962 κτλ.
829 2938 884 2955 =
920 2917 981 2961 M
1012 2920 1068 2961 36
1101 2915 1229 2974 oqs'.
1293 2917 1457 2960 auctor
1497 2912 1804 2972 experimenti
1840 2911 1935 2968 Ap-
