2060 3232
813 109 1214 162 -131—

176 242 412 311 ἀλεύρου,
449 243 629 308 πίσσης
665 242 931 310 Βρυττίας,
968 241 1248 308 ἀσφάλτου,
1287 241 1459 308 ἐπίσης
1497 245 1657 295 πάντα
1695 245 1860 313 βαλὼν

174 316 257 367 καὶ
294 317 352 367 τὰ
392 316 516 384 ξηρὰ
551 315 752 376 λειώσας
789 315 873 366 καὶ
911 321 1012 377 τοῖς
1051 316 1222 384 ὑγροῖς
1260 318 1503 383 συμμίξας
1541 327 1649 385 χρῶ.

155 453 157 455 q
284 392 344 440 H
362 389 464 441 231
503 384 600 458 (=
624 392 685 440 M
710 393 778 440 32
803 385 962 459 ρμζ’);
987 388 1146 441 Ἄλλο.
1208 389 1469 458 ἀρσενικοῦ
1507 397 1569 459 γό
1607 389 1677 458 α’,
1715 392 1859 460 ἀσβέ-
1875 401 1994 448 499·

178 480 295 515 στου
332 467 396 531 γό
431 460 497 530 3',
535 463 673 524 ἰδίως
709 464 891 531 τρίψας
928 463 1012 514 καὶ
1050 465 1193 530 μίξας
1230 473 1343 532 χρῶ.

128 554 149 586 5
282 540 343 587 H
369 540 472 588 231
517 532 613 606 (=
638 541 703 587 M
734 542 800 589 32
834 534 1001 608 ρμη’);
1042 536 1202 590 Ἄλλο.
1265 539 1467 607 ῥητίνης
1512 540 1859 606 Κολοφωνίας,
1876 544 1995 596 500*

173 609 430 676 ἀσφάλτου
463 606 759 679 Ἰουδαϊκῆς,
797 613 944 663 θείου
982 611 1204 681 ἀπύρου,
1242 614 1422 679 πίσσης
1459 621 1663 679 νεαρᾶς,
1700 623 1858 681 κηροῦ

170 684 261 756 ἴσῳ
300 690 508 756 σταθμῷ
547 686 663 752 μετὰ
702 685 896 747 στέατος
935 689 1161 755 τραγείου
1200 687 1487 753 συνεψήσας
1524 695 1635 755 χρῶ.

283 762 340 809 Η
363 764 466 811 155
488 755 584 829 (---
608 753 675 809 Μ
696 764 764 812 33
790 757 951 830 ρξα’);
975 761 1115 827 Πρὸς
1138 762 1334 827 οἴδησιν
1359 760 1556 829 ὄρχεων.
1594 762 1859 829 κρητάριον
1877 769 1970 817 501

171 833 289 898 μετὰ
340 833 529 902 κόπρου
576 834 743 900 βοείας
795 834 880 885 καὶ
934 836 1149 902 κυμίνου
1198 835 1282 886 καὶ
1334 834 1606 903 ὀξυκράτου
1659 836 1861 896 λειώσας

107 922 149 955 10
172 912 272 974 χρῖε
311 906 448 976 μέχρι
485 908 768 976 θεραπείας.

280 984 342 1031 Η
369 986 472 1033 143
509 977 604 1051 (=
629 985 695 1032 M
719 986 821 1034 105
855 978 1019 1052 ψλε’)ε
1055 980 1198 1034 ’Άλλο
1244 984 1581 1050 Πελαγωνίου.
1659 984 1860 1051 συνάγει
1876 992 1970 1039 502

170 1053 346 1106 ἑαυτὸν
392 1061 458 1126 τῷ
504 1055 653 1107 παντὶ
699 1057 908 1123 σώματι,
961 1058 1149 1125 φρίττει
1202 1056 1260 1107 τὰ
1306 1058 1474 1108 πολλά.
1551 1057 1718 1123 λαβὼν
1766 1051 1859 1108 οὖν

168 1127 514 1195 χαμαιλέοντος
568 1131 707 1198 ῥίζαν
761 1128 957 1197 ἕψησον
1011 1131 1094 1181 καὶ
1150 1130 1483 1198 ἀποτρίτωσον
1542 1131 1625 1182 καὶ
1678 1133 1862 1197 ταύτην

169 1202 287 1269 μετὰ
327 1201 642 1264 ὅποπάνακος
680 1209 742 1272 γδ
782 1201 837 1272 β’
874 1204 957 1255 καὶ
997 1206 1139 1256 οἴνου
1175 1204 1346 1267 ξέστου
1386 1203 1439 1255 α’
1478 1206 1620 1271 μίξας
1660 1205 1742 1256 διὰ
1772 1214 1860 1256 τοῦ

104 1291 146 1325 15
169 1275 425 1345 ἀριστεροῦ
465 1287 712 1346 μυκτῆρος
749 1279 884 1346 ἔγχει.

282 1355 343 1401 H
368 1356 474 1404 215
510 1348 606 1420 (=
630 1356 697 1402 M
719 1357 824 1404 104
849 1348 990 1422 ψλ’)ι
1016 1351 1162 1404 ’Άλλο
1202 1353 1524 1420 Πελαγωνίου
1561 1352 1673 1420 περὶ
1711 1358 1859 1418 φθει-
1876 1361 1971 1408 503

171 1433 272 1492 ρῶν
312 1425 395 1476 καὶ
434 1426 704 1492 σκωλήκων
733 1435 832 1477 τῶν
864 1426 918 1478 ἐν
951 1428 1192 1498 δακτυλίῳ
1223 1426 1257 1493 ἢ
1288 1426 1341 1478 ἐν
1371 1426 1540 1494 γαστρὶ
1569 1426 1860 1494 γινομένων.

170 1499 298 1566 μόρα
335 1499 502 1567 ἔνωμα
539 1501 609 1562 εἰς
646 1501 731 1561 τὰς
768 1501 967 1568 κριθὰς,
1006 1500 1065 1561 ἃς
1105 1499 1131 1551 ὁ
1171 1502 1319 1561 ἵππος
1357 1500 1514 1551 ἐσθίει
1525 1537 1541 1566 ,
1579 1501 1859 1568 σκόρπισον.

171 1573 342 1624 πολλοὶ
390 1573 442 1625 δὲ
489 1574 572 1625 καὶ
616 1574 710 1640 τὴν
756 1575 894 1643 ῥίζαν
940 1584 1027 1627 τοῦ
1083 1575 1239 1643 μόρου
1287 1575 1431 1626 ὕδατι
1484 1574 1758 1640 ἑψήσαντες
1802 1575 1861 1625 τὰ

104 1662 147 1695 20
170 1647 280 1715 περὶ
333 1647 424 1713 τὴν
476 1650 669 1700 κοιλίαν
722 1649 805 1699 καὶ
850 1649 937 1700 τὸν
984 1650 1248 1701 δακτύλιον
1295 1648 1640 1701 ἀπαντλοῦσιν.
1719 1649 1764 1699 εἰ
1809 1647 1862 1699 δὲ

168 1721 247 1771 καὶ
308 1730 501 1790 τραῦμα
547 1723 765 1788 ποιήσει,
805 1723 887 1773 διὰ
935 1725 1231 1791 σιδηρίτιδος
1276 1724 1490 1790 βοτάνης
1534 1723 1618 1773 καὶ
1669 1723 1861 1790 πράσου

169 1799 322 1861 χυλοῦ
361 1796 673 1864 μεμιγμένων
719 1797 857 1848 ἅλατι
901 1797 986 1848 καὶ
1032 1799 1184 1868 πίσσῃ
1230 1797 1314 1848 καὶ
1358 1797 1502 1868 ἐλαίῳ
1549 1796 1632 1847 καὶ
1669 1801 1860 1866 παλαιῷ

168 1868 411 1942 ἆξουγγίῳ
448 1873 827 1939 θεραπεύονται.

243 1953 247 1957 ”
279 1947 345 1993 M
368 1949 472 1995 104
497 1942 644 2010 ψλα’;
670 1945 808 2013 Πρὸς
832 1944 1073 2013 ἕλμιγγας.
1120 1947 1418 2014 κοριάνδρου
1444 1942 1632 2012 σπέρμα
1663 1945 1856 2011 φρύξον
1874 1951 1971 1998 504

59 2030 63 2034 ’
102 2031 145 2065 25
169 2017 288 2069 ὅσον
341 2016 374 2083 ἡ
429 2018 528 2087 χεὶρ
582 2027 799 2087 χωρῆσαι
863 2020 1102 2086 δύναται,
1156 2019 1240 2070 καὶ
1291 2028 1436 2071 τοῦτο
1490 2019 1691 2079 λειώσας
1744 2018 1860 2084 μετὰ

166 2093 345 2152 ὕδατος
383 2097 584 2161 χλιαροῦ
626 2094 708 2144 διὰ
738 2092 936 2161 κέρατος
972 2099 1039 2164 τῷ
1070 2098 1227 2164 λαιμῷ
1260 2092 1339 2144 ἐπὶ
1369 2091 1553 2159 ἡμέρας
1582 2089 1635 2159 γ’
1666 2091 1860 2159 ἔμβαλε,

164 2163 199 2232 ἢ
243 2167 578 2234 καρδαμώμου
625 2166 815 2236 σπέρμα
871 2167 1187 2233 λελειωμένον
1235 2163 1348 2234 μεθ’
1401 2168 1582 2227 ὕδατος
1626 2165 1710 2216 καὶ
1754 2170 1860 2225 ταῖς

166 2248 254 2290 τοῦ
294 2241 449 2291 ἴππου
490 2241 705 2308 φάρυγξι
742 2239 943 2308 ε’γχεθὲν
981 2241 1034 2292 τὸ
1075 2241 1194 2292 αὐτὸ
1235 2246 1380 2292 ποιεῖ.

277 2316 345 2363 Μ
381 2318 484 2366 138
517 2312 630 2385 9cq':
677 2316 999 2382 Πελαγωνίου
1038 2315 1160 2383 πρὸς
1198 2315 1256 2365 τὰ
1295 2323 1392 2365 τῶν
1432 2314 1567 2374 ζώων
1599 2312 1849 2381 κορδυλώ-
1867 2319 1966 2367 505

99 2401 143 2434 30
168 2407 305 2453 ματα.
369 2387 428 2438 τὰ
467 2396 564 2439 τῶν
604 2389 739 2449 ζώων
787 2389 1138 2456 κορδυλώματα
1183 2391 1420 2457 θραύσεις
1459 2387 1623 2458 τρόπῳ
1661 2388 1852 2456 τοιῷδε’

285 2564 308 2602 1
343 2561 565 2619 βηρυτίας
581 2561 681 2605 HP
706 2560 712 2616 Ι
739 2559 895 2605 πάντα
925 2556 973 2615 ἐξ
1007 2562 1108 2617 ἴσης
1131 2560 1190 2605 τὰ
1214 2560 1333 2618 ξηρὰ
1356 2560 1548 2611 λειώσας
1580 2555 1772 2618 ἐπίβαλε
1796 2558 1856 2603 τὰ

163 2618 308 2675 τηκτὰ
324 2619 405 2664 καὶ
421 2621 558 2677 μίξας
573 2626 666 2677 χρῶ
683 2620 743 2664 Μ
755 2624 841 2665 121
867 2622 883 2677 ΙΙ
905 2625 932 2674 4
951 2628 1005 2677 γό
1030 2620 1071 2665 c‘
1091 2622 1138 2666 P
1156 2623 1171 2678 ss
1195 2618 1354 2665 5’24220
1372 2634 1455 2664 om.
1474 2619 1532 2663 H
1553 2622 1559 2675 Ι
1588 2615 1764 2675 ῤἰτίνης
1782 2618 1829 2661 Ρ
1842 2618 1858 2676 Η

166 2684 192 2723 8
225 2679 385 2723 lemma
413 2681 468 2724 in
484 2680 548 2724 M
570 2681 660 2724 hoc.
674 2683 738 2724 est
770 2675 854 2723 ἐὰν
881 2680 1028 2725 ἵππου
1053 2678 1304 2736 οἰδήσωσιν
1329 2678 1481 2736 ὄρχεις
1503 2676 1532 2733 ἢ
1560 2677 1821 2722 ἐκταθῶσιν
1843 2677 1847 2735 Ι

164 2735 405 2794 κριτάριον
437 2739 500 2783 Μ
515 2739 532 2796 Ι
555 2743 582 2783 9
616 2739 772 2798 βοείου
805 2738 863 2782 Η
880 2741 895 2796 ΙΙ
921 2745 972 2784 11
1001 2741 1161 2785 lemma
1191 2741 1244 2784 in
1268 2739 1331 2783 M
1354 2744 1418 2783 est
1441 2736 1745 2794 Πελαγωνίου
1771 2731 1856 2779 ἐὰν

164 2794 420 2853 τερηδόνας
450 2795 532 2857 ἔχῃ
565 2798 705 2849 ἵππος
726 2800 742 2852 ΙΙ
769 2803 823 2842 16
841 2795 966 2843 ’Άλλο
999 2812 1082 2844 om.
1119 2799 1177 2844 H
1194 2801 1209 2855 [l
1233 2800 1391 2843 lemma
1421 2798 1475 2841 in
1507 2797 1570 2840 M
1597 2800 1663 2840 est
1702 2798 1857 2839 Πελα-

165 2855 335 2912 γωνίου
368 2854 451 2900 ἐὰν
483 2859 690 2914 φθεῖρας
719 2855 747 2912 ἢ
782 2857 1020 2914 σκώληκας
1052 2857 1102 2903 ἐν
1127 2857 1358 2916 δακτυλίῳ
1390 2853 1418 2911 ἢ
1451 2854 1620 2913 γαστρὶ
1651 2853 1822 2913 ποιήσῃ
1842 2855 1856 2913 Η

168 2920 221 2959 17
255 2914 466 2975 δακτύλῳ
489 2916 547 2960 Η
564 2917 579 2973 ΙΙ
605 2921 659 2961 18
684 2914 769 2974 εἰς]
794 2916 875 2960 καὶ
900 2918 956 2963 H
975 2919 990 2975 ΙΙ
1014 2922 1070 2963 28
1096 2913 1316 2975 ἐγχεθὲν]
1343 2911 1545 2972 ἔγχυθὲν
1563 2915 1678 2960 coni.
1696 2915 1857 2958 Miller

1442 2989 1500 3033 9*
