2060 3232
164 264 499 326 cataplasmae
539 265 590 311 et
628 262 797 311 alutae
844 262 1082 311 inducito.
1160 262 1336 324 postea
1383 262 1510 310 aeris
1550 262 1640 310 fios
1685 261 1846 310 minu-

161 340 272 385 tum
319 340 369 385 et
421 337 600 385 tritum
646 338 697 384 et
741 335 795 383 in
839 336 1098 398 pulverem
1143 335 1404 383 redactum
1456 351 1606 397 supra
1651 351 1846 400 panem,

162 411 250 473 qui
290 411 459 459 alutae
497 409 674 458 inlitus
715 411 803 473 est,
844 409 1038 473 spargis
1078 409 1214 471 quod
1252 409 1374 456 satis
1407 410 1496 473 est,
1537 410 1588 456 et
1619 410 1846 457 articulis

160 486 251 532 aut
295 483 358 531 iis
404 484 526 533 locis
572 499 701 546 quae
748 498 989 533 ozaenosa
1037 484 1176 547 sunt,
1223 483 1456 532 admoves
1505 484 1556 530 et
1594 482 1696 530 lino
1736 483 1846 530 dili-

114 566 135 599 5
159 558 334 621 genter
371 557 604 606 tartarali
635 557 943 621 constringes
973 573 1063 620 per
1092 557 1332 621 triduum,
1372 556 1487 604 inde
1520 556 1684 606 solvis.
1739 572 1847 603 rur-

159 647 271 679 sum
303 631 479 680 similis
510 631 756 680 medicina
787 631 1065 695 adhibetur,
1096 646 1270 680 rursus
1303 630 1538 679 solvitur:
1578 630 1648 678 sic
1678 629 1845 678 triduo

159 704 263 753 sine
301 705 627 754 medicamine
666 706 743 754 sit.
784 701 899 769 (si)
940 720 1090 753 sanus
1130 705 1306 768 fuerit,
1348 704 1534 753 sufficit
1571 703 1845 765 medicina3

158 778 235 827 sin
267 779 426 843 aliter,
460 781 675 844 curetur,
707 781 767 826 ut
796 782 874 827 ter
902 779 1167 828 intervallo
1200 779 1394 827 dierum
1423 794 1602 827 novem
1633 779 1848 826 curetur.

158 867 275 900 sane
315 868 431 901 cum
468 853 662 901 alutam
699 852 996 915 imposueris
1033 852 1266 916 pedibus,
1307 868 1495 914 equum
1534 851 1693 899 artius
1731 851 1846 899 reli-

92 936 135 967 10
158 928 292 990 gato,
330 942 390 974 ne
431 940 481 975 se
519 926 769 975 mordicus
807 928 966 990 vexet,
1007 927 1058 974 et
1095 926 1372 974 certissima
1410 941 1531 974 cura
1570 927 1656 974 est.

268 1000 397 1048 Item
447 1000 511 1048 ad
555 1015 732 1050 nervos
780 1000 1109 1049 articulorum
1153 1001 1234 1049 vel
1288 1000 1352 1047 ad
1396 999 1596 1048 minuta
1642 1000 1733 1047 aut
1778 998 1842 1047 ad
1860 997 1953 1043 261

157 1073 344 1122 luxum.
400 1074 622 1136 cupressi
653 1074 777 1123 folia
807 1074 978 1122 tundis
1010 1076 1061 1122 et
1090 1073 1210 1122 teris
1243 1076 1294 1122 et
1323 1074 1540 1122 farinam
1571 1073 1630 1121 de
1660 1073 1846 1122 hordeo

158 1147 309 1195 simul
349 1147 587 1196 admisces
635 1149 686 1196 et
724 1148 960 1210 decoquis
998 1148 1052 1195 in
1089 1147 1207 1196 vino
1248 1150 1299 1195 et
1338 1148 1446 1196 oleo
1488 1146 1758 1196 sufficienti
1797 1149 1848 1195 et

156 1221 281 1269 facis
320 1222 696 1285 cataplasmam,
740 1237 893 1283 quam
931 1222 1091 1270 mittis
1130 1221 1183 1268 in
1221 1221 1383 1283 pilum
1434 1223 1484 1269 et
1521 1221 1692 1268 tundis
1732 1237 1848 1269 cum

29 1359 33 1361 4
90 1302 132 1336 15
158 1310 243 1343 aro
285 1294 478 1345 Gallico
517 1296 641 1344 bene
673 1297 891 1359 purgato
932 1298 983 1343 et
1021 1311 1137 1344 cum
1172 1295 1361 1344 hibisco
1387 1295 1511 1343 bene
1544 1295 1762 1343 discocto
1796 1296 1847 1342 et

6 1415 11 1426 ,
55 1379 61 1384 ‘
154 1369 288 1417 facto
341 1368 466 1417 bene
529 1369 833 1417 minutatim.
927 1369 1062 1431 quod
1112 1370 1445 1431 posteaquam
1496 1368 1687 1416 tuderis
1735 1368 1846 1415 dili-

6 1436 9 1446 “
156 1444 351 1506 genter,
402 1459 492 1504 pro
543 1443 810 1505 emplastro
858 1442 1052 1491 inducis
1099 1445 1150 1491 et
1191 1443 1333 1507 ligas.
1413 1457 1530 1490 sane
1577 1444 1849 1504 antequam

157 1516 518 1578 cataplasmam
556 1517 889 1580 commisceas,
927 1517 1068 1579 prius
1105 1532 1250 1565 arum
1282 1515 1534 1565 Gallicum
1571 1517 1848 1579 purgatum

157 1605 271 1637 oum
323 1589 512 1638 hibisco
568 1590 784 1639 discocto
833 1593 884 1639 et
935 1590 1132 1639 modica
1186 1590 1406 1654 axungia
1459 1589 1631 1637 tundis
1679 1591 1730 1637 et
1776 1589 1845 1636 sic

2 1661 5 1696 ³
90 1673 133 1705 20
160 1663 466 1725 superadicis
491 1664 853 1726 cataplasmam
884 1663 943 1712 de
975 1664 1140 1712 farina
1170 1663 1343 1712 hordei
1374 1665 1425 1711 et
1454 1663 1591 1712 foliis
1623 1662 1846 1725 cupressi

158 1737 310 1785 coctis
349 1737 402 1784 in
431 1737 548 1786 vino
589 1740 640 1786 et
678 1738 800 1786 ole0.
862 1738 955 1786 hoc
1002 1738 1154 1786 facies
1201 1738 1374 1786 diebus
1420 1753 1620 1801 novem,
1662 1737 1748 1785 sed
1785 1738 1846 1783 ut

156 1810 361 1859 alternis
402 1826 556 1859 cures.

263 1883 344 1932 Ad
381 1901 648 1934 nervorum
686 1885 1056 1934 crassationem.
1117 1885 1322 1933 faenum
1353 1885 1613 1948 Graecum,
1653 1885 1839 1933 caricas
1858 1880 1954 1926 262

7 2005 12 2022 ὲ
153 1957 302 2006 Afras
352 1958 521 2020 pinsas
573 1961 624 2007 et
672 1975 787 2008 cum
839 1959 956 2008 vino
1011 1959 1249 2022 imponis3
1298 1961 1413 2021 post
1458 1959 1668 2008 tertium
1713 1958 1846 2006 diem

4 2030 18 2085 27<
90 2046 132 2079 25
157 2031 320 2080 solvis

5 2093 8 2102 ⁵
262 2106 393 2154 Item
431 2105 474 2153 si
511 2105 571 2153 de
609 2105 787 2154 itinere
833 2107 983 2170 longo
1029 2108 1199 2155 tumor
1245 2109 1336 2154 aut
1381 2106 1435 2154 in
1482 2106 1708 2154 articulis
1749 2107 1840 2154 aut
1856 2109 1951 2154 263

151 2179 205 2226 in
259 2179 486 2243 genubus
532 2179 706 2245 fuerit,
761 2180 964 2242 prodest
1017 2196 1151 2242 aqua
1203 2180 1389 2244 frigida
1434 2180 1685 2228 tumentia
1731 2180 1843 2228 loca

153 2253 320 2301 fovere
370 2255 461 2300 aut
506 2253 559 2300 in
603 2253 758 2302 fluvio
804 2256 895 2301 aut
942 2253 996 2300 in
1040 2254 1148 2303 rivo
1195 2270 1296 2302 non
1348 2255 1449 2302 alte
1500 2253 1842 2316 deambulare3

152 2326 266 2374 inde
307 2326 569 2391 spongiam
608 2343 723 2375 cum
759 2327 917 2375 lasere
958 2329 1009 2376 et
1048 2329 1188 2376 aceto
1220 2323 1308 2391 <et
1345 2328 1481 2378 visco
1522 2330 1573 2376 et
1610 2327 1727 2376 vino
1760 2328 1842 2375 de-

0 2419 6 2458 g
87 2409 130 2442 30
155 2396 334 2464 cocto>
375 2403 425 2448 et
464 2401 682 2464 axungia
719 2401 931 2463 impone.
994 2401 1323 2449 utilissimum
1360 2401 1669 2450 medicamen
1708 2404 1795 2450 est.

0 2507 8 2565 1
275 2516 298 2554 1
331 2511 416 2555 flos
447 2511 627 2556 minuta
650 2511 665 2568 [1
688 2515 717 2555 4
739 2510 813 2556 his
848 2513 855 2569 1
895 2525 984 2568 que
1024 2526 1227 2568 ozynosa
1248 2514 1264 2569 ΙΙ
1288 2516 1314 2556 5
1357 2513 1650 2570 constringes
1682 2513 1839 2559 Sarch.

14 2579 15 2582 ’
155 2568 420 2627 confringes
437 2570 483 2615 R
505 2572 521 2626 11
544 2574 570 2614 8
587 2570 836 2616 intervallo
860 2571 1040 2615 dierum
1063 2571 1219 2618 Sao-ch.
1263 2571 1565 2616 intervallum
1597 2572 1728 2628 dieb;
1762 2571 1809 2616 R
1824 2571 1841 2630 11

155 2632 210 2672 12
235 2627 353 2673 folia
374 2628 535 2673 tundis
567 2631 616 2675 et
641 2629 776 2688 teris]
811 2629 1045 2674 Foliatum
1078 2630 1323 2675 desetteris
1348 2631 1394 2675 R
1439 2630 1556 2675 folia
1585 2632 1731 2675 tunde
1758 2642 1841 2674 seu

153 2687 267 2732 teris
298 2687 456 2733 Sareh.
482 2690 497 2745 11
523 2693 576 2732 13
609 2688 838 2744 decoques
869 2690 886 2745 11
918 2693 974 2732 14
1011 2689 1172 2733 tundis
1212 2703 1317 2734 cum
1350 2703 1429 2734 aro
1462 2690 1621 2734 Sarch.
1677 2687 1839 2734 condis

154 2758 258 2789 cum
277 2759 389 2791 auro
405 2747 452 2792 R
475 2749 491 2804 ΙΙ
517 2750 571 2791 15
587 2747 734 2791 ibisco
762 2748 770 2805 1
804 2747 1006 2792 discotto
1037 2749 1052 2805 11
1079 2753 1132 2793 16
1158 2762 1221 2793 om
1244 2748 1504 2793 tutuderis?
1529 2749 1543 2804 ΙΙ
1571 2751 1624 2792 18
1648 2762 1811 2793 aurum
1826 2746 1843 2806 11

157 2808 211 2848 19
250 2803 388 2850 irisco
421 2807 438 2862 11
468 2810 526 2850 20
558 2805 687 2850 ordei
709 2808 725 2864 ΙΙ
748 2810 802 2850 21
838 2806 973 2852 cottis
995 2809 1011 2862 [Ι
1034 2812 1091 2851 23
1122 2807 1284 2851 fenum
1322 2820 1511 2864 grecum
1534 2810 1549 2865 ΙΙ
1572 2813 1628 2852 29
1661 2807 1836 2866 lasere!

154 2861 239 2919 <et
274 2863 401 2908 visco
441 2866 489 2910 et
517 2865 627 2910 vino
658 2865 888 2925 decocto>
928 2866 1093 2911 addidi
1129 2880 1186 2911 ex
1223 2866 1282 2910 H
1339 2865 1420 2910 καὶ
1453 2864 1552 2920 ἰξοῦ
1593 2866 1674 2911 καὶ
1706 2867 1837 2912 οἴνου

155 2920 466 2979 ἀφεψημένον
499 2922 833 2981 (ἀφηψημένου
865 2925 925 2983 Ρ)
947 2926 963 2981 ss
987 2929 1043 2971 30
1073 2925 1381 2970 medicamine
