2060 3232
854 118 917 126 -
1002 44 1126 143 168⁶
1184 120 1256 129 —-

333 217 425 262 217
474 217 532 261 H
563 222 646 262 103
693 217 828 274 ἄλλο,
874 216 918 262 εἰ
955 218 1031 262 ἐπὶ
1068 216 1210 263 πλέον
1251 218 1455 275 ἀλγήσει.
1515 223 1653 264 λῦσον
1691 220 1774 271 τὰς
1809 229 1902 267 τῶν

215 276 399 333 ὀνύχων
433 274 608 335 φλέβας
638 279 729 322 κτλ.
784 278 898 321 item
930 277 993 321 M
1019 281 1103 322 125
1138 277 1276 336 (ἦρέ
1314 277 1359 322 εἰ
1399 274 1477 322 ἐπὶ
1507 282 1667 323 πλεῖον
1699 280 1904 337 ἀλγήσει,

215 339 295 379 λῦε
326 334 408 385 τὰς
438 341 530 380 τῶν
554 335 734 392 ὀνύχων
758 333 944 396 φλέβας.
995 336 1077 381 sed
1091 350 1230 382 venae
1254 338 1308 382 de
1329 338 1602 396 inquiriibus
1627 340 1899 384 concinnius

214 394 406 438 videtur
436 393 511 451 (cf.
539 396 658 451 218).
715 395 829 452 Veg.
855 395 891 439 V
915 399 956 452 2,
974 399 1000 439 2
1035 396 1195 453 (vulgo
1225 397 1445 454 inquibus
1475 397 1521 441 h.
1553 411 1590 442 e.
1616 398 1906 455 inquiriibus,

218 452 462 497 Gothanus
492 454 755 511 anyaibas).

338 512 883 570 cataplasmabitur]
918 518 1086 570 χρῆσαι
1116 512 1198 556 καὶ
1229 513 1492 570 μαλάγματι
1510 515 1575 570 H,
1606 516 1903 572 cataplasmis

216 572 436 616 utendum
460 576 523 614 est
538 570 777 626 Vegetius
827 570 1006 615 omittit
1027 571 1145 615 haec
1168 585 1314 627 usque
1338 574 1665 628 synchrismate
1683 575 1807 631 (218)
1828 575 1900 619 M.

337 629 431 673 218
478 629 541 673 Μ
560 633 642 673 125
690 628 830 686 Qqs'
875 627 956 687 (εἰ
998 629 1083 685 τὴν
1129 628 1274 683 κόξαν
1314 630 1525 686 ἀλγήσει,
1567 630 1901 692 συγχρίσματι)

220 694 388 744 χρῆσαι
421 683 498 731 ἐπὶ
529 686 723 745 ἡμέραις
753 687 813 731 θ’
845 690 937 733 κτλ.
999 702 1094 733 11011
1130 690 1328 733 multum
1363 689 1521 733 differt
1560 694 1668 746 225,
1700 692 1789 740 ubi,
1810 694 1902 736 tra-

217 748 342 791 ditur
373 748 466 792 alio
497 748 790 792 medicamine
819 761 903 803 pro
935 748 1087 792 calido
1118 749 1423 793 medicamine.
1475 750 1532 793 cf.
1559 754 1660 794 257.
1686 754 1786 795 234.

341 805 388 849 si
436 819 626 849 coxam
673 805 938 864 laeserit]
969 804 1112 851 fuisse
1143 808 1302 863 potest
1346 808 1583 852 violaverit
1629 808 1706 853 vel
1753 808 1906 853 simile

218 864 411 909 verbum
445 865 519 920 (cf.
544 864 659 921 Veg.
689 865 730 908 V
756 869 825 919 17,
850 865 910 921 4).
1719 887 1723 890 ·

341 922 703 981 aestimabis]
745 923 867 979 quod
898 922 1103 968 traditur
1135 925 1397 978 extimabis,
1436 925 1632 970 formam
1663 926 1907 982 vulgarem

221 983 276 1026 ut
315 983 453 1038 putat
491 983 723 1027 Gustavus
763 983 931 1027 Loewe
969 983 1086 1027 Mus.
1114 983 1261 1027 Rhen.
1289 988 1343 1027 31
1369 999 1414 1041 p.
1443 989 1496 1028 57
1545 986 1620 1042 (--
1645 984 1795 1029 Gloss.
1828 999 1907 1029 no·

217 1041 396 1085 minum
427 1056 472 1097 p.
500 1043 597 1097 79),
636 1040 946 1097 Pelagonium
994 1041 1234 1098 scripsisse
1275 1044 1543 1099 negaverim
1586 1043 1661 1099 (cf.
1695 1044 1906 1088 Paucker

222 1099 382 1156 Suppl.
407 1099 497 1144 lex.
522 1100 624 1144 Lata
649 1100 670 1143 I
695 1113 728 1144 s.
754 1114 795 1144 v.
822 1101 1053 1154 extimare,
1078 1102 1343 1158 extimatio).
1385 1107 1440 1146 37
1474 1104 1784 1148 aestimaveris
1812 1104 1905 1147 tra-

222 1157 363 1211 ditur,
395 1162 482 1202 269
514 1159 803 1203 estimaveris.

340 1216 436 1260 219
467 1217 518 1260 H
545 1222 627 1261 162
669 1215 821 1267 ἄνθος
858 1216 1026 1273 χόρτου
1065 1217 1242 1268 καύσας
1280 1218 1395 1275 μετὰ
1435 1219 1691 1277 ὀξυκράτου
1722 1226 1909 1277 ψυχροῦ

218 1274 549 1379 ῗὲόιῗαγὲἓέἒὲ
578 1272 1551 1393 g-{smitg&offam{ffgfftigwff‘ssv·
1583 1279 1710 1323 idem
1733 1279 1907 1323 amma,

339 1392 451 1438 flos
499 1394 654 1438 faeni
702 1394 1073 1452 combustum]
1121 1393 1295 1439 retinui
1341 1397 1395 1439 ut
1435 1395 1484 1439 in
1523 1401 1610 1441 239
1650 1396 1773 1441 aeris
1810 1397 1908 1452 1103,

221 1455 309 1496 260
351 1454 473 1496 aeris
517 1454 601 1509 1103
645 1453 871 1497 minatam
918 1457 959 1497 et
995 1454 1170 1498 tritum.
1209 1452 1325 1498 item
1373 1456 1494 1499 aeris
1538 1457 1621 1511 flos
1663 1456 1910 1500 contritam

222 1512 514 1556 commixtam
544 1512 746 1556 traditur
787 1511 836 1555 in
875 1512 1139 1568 fragmento
1179 1512 1380 1569 Gargilii
1417 1513 1649 1558 Martialis
1688 1514 1745 1558 de
1789 1514 1911 1558 curis

223 1569 369 1614 boum
393 1574 416 1624 ξ
442 1575 498 1614 23
541 1571 603 1627 (p.
632 1574 715 1616 171
757 1570 869 1615 edit.
913 1571 1127 1616 Schneid.
1151 1571 1315 1628 Veget.
1349 1572 1632 1629 mulomed.).
1664 1574 1748 1630 flos
1785 1573 1911 1628 quod

220 1628 369 1672 fertur
393 1634 480 1673 338
514 1633 561 1673 et
583 1633 685 1684 428,
709 1629 888 1674 mutavi
912 1629 964 1672 in
985 1631 1126 1686 floris,
1151 1632 1204 1674 ut
1226 1632 1354 1675 recte
1379 1631 1597 1676 scribitur
1612 1635 1698 1675 341
1723 1632 1910 1689 (aphro-

221 1689 340 1732 nitri
354 1689 498 1743 floris,
515 1689 633 1733 nitri
648 1689 809 1744 floris),
828 1692 913 1732 343
933 1690 1075 1745 (floris
1091 1691 1309 1747 spumae),
1334 1695 1419 1734 467
1440 1691 1726 1748 (liquaminis
1748 1691 1906 1747 floris).

342 1746 438 1790 220
483 1747 542 1790 Η
590 1751 672 1790 102
721 1747 1016 1805 προπότισμα
1060 1746 1126 1799 εἰς
1171 1748 1481 1806 νεφριτικούς.
1559 1750 1622 1794 M
1657 1753 1739 1793 125
1775 1747 1907 1807 qu'

219 1804 516 1863 προπότισμα
547 1806 831 1863 νεφριτικόν.
896 1808 1010 1864 Veg.
1028 1807 1070 1851 V
1087 1813 1127 1863 2,
1154 1812 1194 1852 3.

342 1864 563 1908 virides
615 1879 699 1921 pro
731 1866 896 1910 viridis
921 1865 1098 1923 scripsi.
1130 1867 1246 1910 item
1277 1866 1505 1924 interpres
1531 1868 1728 1923 κηκῖὃας
1758 1881 1910 1911 κυπα-

223 1920 383 1979 ρίσσου
423 1926 602 1981 χλωρας
641 1925 688 1968 et
735 1923 1042 1969 Schneiderus
1091 1925 1217 1981 apud.
1257 1925 1393 1982 Veg.;
1442 1927 1605 1970 contra
1649 1925 1818 1970 Rosius
1858 1925 1908 1969 in

222 1981 428 2027 editione
461 1981 609 2027 Cassii
640 1982 809 2027 Felicis
840 1997 885 2039 p.
914 1987 996 2027 186
1027 1984 1294 2040 sphaerulas
1325 1985 1526 2041 cupressi
1555 1985 1733 2030 viridis.

222 2100 264 2144 V
343 2040 437 2143 231
484 2042 542 2085 H
578 2045 662 2086 103
708 2042 824 2099 πρὸς
883 2048 1020 2098 ψυῶν
1065 2041 1229 2087 πόνον.
1302 2044 1364 2087 M
1403 2047 1486 2087 125
1535 2042 1692 2102 ᾏρηῖ
1740 2043 1907 2087 melius

267 2113 291 2143 e
329 2134 337 2144 .
429 2104 455 2143 2
495 2105 536 2145 4.

293 2114 437 2202 ἕ222
459 2135 534 2203 'M
558 2163 640 2203 125
676 2158 823 2216 Qqff
865 2158 989 2204 ἄλλο.
1053 2161 1304 2220 σι’συμβρον
1343 2161 1567 2216 (traditur
1598 2159 1683 2212 Εἰς
1714 2162 1912 2220 υμβρον)

225 2217 340 2274 μετὰ
372 2215 581 2274 ἀλφίτων
613 2234 639 2274 χ
671 2217 721 2261 α’
755 2217 894 2262 ’ὕδατι
925 2219 1174 2278 ἀναλαβὼν
1206 2218 1411 2264 ἀπόθου.
1475 2219 1589 2277 Veg.
1614 2221 1654 2263 V
1681 2225 1723 2274 2,
1749 2227 1788 2264 4.

343 2276 438 2320 223
469 2277 527 2321 H
547 2281 631 2321 103
664 2275 953 2334 κυπαρίσσου
987 2278 1138 2334 φύλλα
1169 2281 1260 2324 κτλ.
1309 2278 1372 2322 Μ
1391 2281 1474 2322 125
1500 2279 1565 2337 α’.
1613 2279 1848 2350 Veg.V2‚
1865 2284 1908 2322 4.

345 2334 438 2378 224
484 2336 542 2378 H
570 2340 653 2379 103
701 2336 822 2380 ἄλλο.
889 2334 1076 2394 ῥητίνης
1123 2338 1265 2394 ξηρᾶς
1303 2345 1356 2393 ’γό
1405 2338 1452 2396 β’
1498 2339 1604 2394 ἕψει
1650 2354 1782 2394 μεχρι
1827 2343 1910 2381 τοῦ

225 2394 515 2448 διαλυθῆναι
553 2393 634 2437 καὶ
673 2396 894 2451 κρίθινον
941 2394 1139 2452 ἄλευρον
1187 2395 1374 2455 ἐπίβαλε
1414 2396 1495 2440 καὶ
1537 2395 1673 2453 στέαρ
1714 2398 1909 2452 αἴγειον,

225 2451 358 2509 ἄχρις
390 2449 444 2496 οὗ
468 2452 651 2496 πυκνὸν
675 2452 885 2511 ποιήσῃς,
918 2453 998 2497 καὶ
1021 2459 1083 2513 τῷ
1107 2455 1325 2510 ἀλγοῦντι
1348 2453 1477 2512 μέρει
1498 2456 1679 2512 θερμὸν
1705 2451 1909 2499 ἐπιτίθει

224 2511 306 2554 ’καὶ
337 2517 472 2554 τοῦτο
503 2512 629 2555 ποίει
654 2510 994 2569 συνεχέστερον.
1058 2514 1119 2556 Μ
1140 2518 1222 2557 125
1248 2513 1348 2574 ᾳα’.
1396 2514 1511 2570 Veg.
1537 2515 1575 2559 V
1604 2519 1643 2569 2,
1671 2519 1710 2558 5.
1756 2512 1908 2557 simile

225 2569 537 2627 κατάπλασμα
569 2568 826 2627 ἰσχιατικόν
858 2571 995 2628 Hipp.
1023 2575 1121 2616 305.

347 2643 466 2673 cum
496 2629 656 2674 modo
689 2628 959 2688 calidum]
999 2631 1200 2674 calidum
1230 2632 1300 2675 ita
1337 2635 1389 2676 ut
1426 2644 1589 2676 marius
1626 2631 1730 2687 pati
1762 2631 1909 2687 possit

225 2686 466 2744 Vegetius.
500 2687 628 2733 valet
658 2688 781 2732 idem
815 2689 939 2743 quod
971 2691 1195 2734 commodo
1220 2690 1302 2732 aut
1331 2691 1513 2735 modice.

348 2746 566 2805 dolore]
594 2747 778 2792 dozoR:
794 2748 948 2792 dolum
970 2762 1053 2804 pro
1079 2749 1230 2792 dolore
1245 2747 1427 2792 infimos
1444 2749 1598 2793 dicere
1622 2762 1716 2792 non
1741 2747 1907 2804 ignoro

227 2805 303 2860 (cf.
331 2805 513 2849 Bonnet
544 2808 600 2849 de
631 2805 870 2850 latinitate
904 2804 1039 2863 Greg.
1074 2807 1179 2851 Tur.
1198 2821 1242 2863 p.
1269 2809 1397 2864 367),
1432 2808 1512 2851 sed
1543 2806 1796 2863 Pelagonio
1827 2805 1909 2850 tri-

226 2863 367 2908 buere
399 2878 493 2908 non
526 2865 687 2909 audeo.
