2060 3232
823 125 1184 177 -93—

267 262 396 311 Item
443 261 594 310 aliud.
666 260 789 309 clari
833 260 996 309 mellis
1043 260 1286 310 coclearia
1332 264 1594 326 quattuor,
1640 263 1843 325 pollinis
1863 264 1957 312 289

159 336 290 384 turis
323 362 407 400 —,
448 335 577 383 aceti
615 333 858 383 coclearia
897 334 1134 397 quinque,
1172 333 1279 384 vini
1315 334 1499 383 veteris
1538 336 1687 384 hem.:
1724 337 1846 386 haec

164 410 314 458 simul
359 408 540 457 deteris
586 410 637 456 et
682 407 862 457 dividis
915 408 1172 470 potionem
1223 407 1386 470 ipsam
1431 408 1485 455 in
1533 411 1634 457 tres
1679 413 1847 471 partes

162 485 213 531 et
249 498 339 544 per
375 482 602 530 triduum
639 497 740 530 non
776 497 866 544 per
904 497 1080 547 cornu,
1127 481 1213 530 sed
1258 481 1317 530 de
1366 497 1448 531 ore
1494 481 1548 530 in
1594 497 1649 531 os
1696 483 1846 532 deicis

115 567 138 599 5
163 558 214 604 et
251 555 537 603 deambulet
574 571 694 619 sago
734 557 1010 618 coopertus,

269 629 399 677 Item
438 627 590 693 aliud,
628 628 852 678 Emeriti.
914 628 1100 691 piperis
1137 643 1227 691 pro
1273 628 1420 678 modo
1468 631 1518 677 et
1564 629 1624 677 de
1669 632 1842 679 ventre
1860 636 1956 682 290

159 702 288 764 pulli
325 703 617 765 pelliculam
654 718 945 765 suspensam
982 703 1122 751 fumo
1170 701 1377 751 siccabis
1424 705 1475 751 et
1520 702 1695 752 tritam
1733 719 1848 752 cum

157 775 274 825 vino
314 778 365 824 et
402 777 572 839 pipere
611 776 765 824 dabis.

267 850 473 912 Equum
518 865 549 898 a
593 849 739 898 faeno
793 850 927 898 malo
981 850 1175 898 laesum
1228 849 1297 898 sic
1349 849 1631 914 intelleges:
1687 851 1845 900 oculis
1863 856 1956 904 291

98 935 140 967 ιο
164 923 260 971 erit
303 923 504 972 incertis
555 925 606 972 et
655 938 848 985 semper
894 922 1218 987 micantibuS,
1266 923 1480 987 gradum
1524 923 1729 972 habebit
1773 924 1847 972 in-

162 998 366 1045 certum.
414 996 531 1045 huic
555 996 760 1061 sanguis
792 996 852 1044 de
883 996 1091 1045 matrice
1123 996 1457 1045 detrahendus
1487 999 1539 1045 et
1562 997 1846 1047 debrachio-

163 1070 343 1118 landus
382 1072 458 1118 est
497 1071 548 1118 et
583 1069 923 1133 potionandus
955 1069 1130 1119 caricis
1162 1086 1278 1119 cum
1307 1071 1424 1120 vino
1457 1071 1684 1120 decoctis
1735 1072 1847 1120 hor-

161 1144 311 1192 deum
362 1145 532 1193 tamen
584 1161 685 1193 non
731 1144 892 1208 dabis,
948 1144 1034 1193 sed
1084 1144 1340 1207 potionem
1379 1144 1642 1209 duplicem,
1691 1147 1741 1193 et
1786 1145 1848 1193 iis
1902 1140 1904 1142 ’

160 1217 317 1267 uteris
357 1233 487 1281 quae
526 1218 727 1267 urinam
764 1219 1013 1267 moveant.

55 1396 60 1400 “
94 1420 136 1453 15
516 1409 672 1457 XXH.
743 1409 826 1457 De
866 1407 1090 1457 caudae
1129 1408 1491 1457 mobilitate.

276 1512 330 1560 Si
370 1526 530 1575 equus
569 1511 780 1560 nimium
818 1511 1054 1560 mobilem
1098 1511 1332 1559 habuerit
1378 1511 1609 1576 caudam,
1655 1514 1851 1574 partem
1867 1512 1960 1558 292

168 1586 474 1648 superiorem
500 1585 688 1634 caudae
721 1586 785 1634 ad
815 1585 1096 1635 vertebram
1126 1585 1334 1633 incidito
1358 1600 1519 1648 usque
1544 1586 1609 1633 ad
1637 1585 1853 1634 mediam

168 1660 565 1724 commissuram,
614 1659 699 1708 sed
746 1675 808 1707 ne
862 1658 1132 1721 praecidas
1170 1661 1359 1707 curato.
1436 1659 1621 1708 vulnus
1675 1675 1854 1708 sanum

165 1750 284 1783 cum
306 1734 475 1798 fuerit,
509 1733 721 1782 caudam
750 1732 955 1781 habebit
986 1732 1217 1781 stabilem
1247 1735 1400 1795 atque
1425 1734 1653 1781 erectam.
1694 1733 1733 1781 ii
1766 1749 1853 1781 au-

96 1819 142 1852 20
165 1809 289 1871 tem,
330 1807 422 1870 qui
457 1806 702 1857 eiusmodi
740 1806 924 1856 caudas
955 1806 1236 1871 habuerint,
1274 1807 1569 1870 plerumque
1608 1807 1661 1855 in
1697 1807 1854 1870 proba

163 1883 471 1930 recusantur.

278 1955 332 2003 Si
371 1971 500 2018 equo
541 1954 702 2004 cauda
741 1954 953 2003 defluere
993 1954 1232 2018 coeperit,
1278 1954 1414 2003 faeni
1461 1954 1638 2003 Graeci
1687 1969 1853 2003 semen
1870 1961 1963 2008 293

167 2031 218 2077 et
270 2028 363 2076 lini
410 2029 544 2091 quod
594 2027 780 2077 sufficit
831 2028 948 2078 vino
1003 2027 1268 2091 decoquito
1324 2030 1375 2076 et
1428 2027 1607 2077 cotidie
1661 2029 1852 2078 lavato:

168 2102 266 2152 cito
306 2103 466 2152 cauda
505 2103 694 2152 crescit.

103 2303 146 2337 25
503 2293 684 2341 XXIII.
762 2292 1158 2341 Medicamina
1204 2292 1275 2340 ad
1318 2292 1511 2341 robur.

281 2396 455 2445 Robur
494 2396 538 2445 si
574 2396 628 2444 in
666 2396 938 2459 posteriore
977 2397 1120 2458 parte
1167 2395 1283 2460 erit,
1331 2395 1477 2460 signa
1519 2395 1641 2443 haec
1687 2398 1854 2443 erunt:
1873 2401 1967 2449 294

174 2486 320 2519 crura
358 2470 489 2518 inter
528 2485 578 2519 se
619 2469 958 2534 complicabit,
999 2471 1147 2518 erunt
1183 2469 1345 2518 umeri
1390 2471 1442 2518 et
1487 2469 1651 2518 cervix
1695 2484 1855 2531 usque

175 2546 329 2607 caput
366 2544 542 2609 rigida,
584 2546 731 2592 erunt
763 2544 895 2593 oculi
926 2544 1256 2608 lacrimanteS,
1297 2543 1382 2591 sed
1413 2545 1464 2592 et
1495 2543 1707 2591 caudam
1736 2543 1854 2606 rigi-

294 2741 592 2816 l'clocliaria
640 2745 648 2799 Ι
695 2742 921 2800 pollinem
966 2742 1118 2810 thuris
1161 2744 1178 2800 ΙΙ
1224 2748 1256 2811 6.
1288 2740 1482 2810 piperis]
1528 2739 1774 2807 ‘mansuetus
1804 2741 1863 2785 Η

177 2815 465 2918 acar..
491 2802 865 2919 aazia&
1070 2804 1091 2918 ι..
1104 2801 1458 2917 aaa&
1484 2800 1857 2905 amm

174 2917 378 2975 probaR
407 2917 612 2976 improbi
621 2920 780 2967 Sarch.
804 2922 820 2979 ΙΙ
843 2925 899 2966 22
911 2920 1088 2980 ceperit
1102 2920 1200 2966 feni
1216 2920 1344 2976 greci
1367 2920 1383 2976 ΙΙ
1406 2916 1855 2963 25MEDICAMINE
