2060 3232
778 127 1176 179 -147—

136 255 433 302 camine181.
455 261 538 301 182
579 270 750 311 equum
791 256 852 299 ad
892 256 1144 302 sanitatem
1181 257 1409 314 perducit.
1473 259 1528 304 cf.
1562 261 1680 306 Plin.
1706 277 1749 307 n.
1773 264 1822 307 h.

135 314 220 359 XII
245 321 300 360 30
319 329 412 372 seq.
469 314 642 359 XXIIII
667 318 913 359 125-127.
987 316 1194 361 Dioscor.
1219 317 1239 360 I
1268 321 1351 360 132
1398 317 1455 371 (J.
1491 318 1544 362 G.
1578 319 1817 377 Sprengel,

135 373 252 419 Mus.
278 376 425 419 Rhen.
449 379 508 419 46
531 389 577 430 p.
603 378 659 418 58
685 376 813 431 seq.).
847 373 973 418 idem
1004 374 1150 419 fuisse
1182 375 1368 420 videtur
1406 375 1456 419 in
1486 381 1587 423 449.
1649 393 1732 434 pro
1765 394 1820 424 eo

134 433 260 488 quod
276 436 405 477 extat
427 433 475 477 in
499 433 559 477 Η
583 431 766 489 ἀθρόον
795 433 936 489 ξηρὸν
967 433 1167 488 ποιήσας
1198 435 1359 491 ξηρίον
1393 434 1542 480 scribe
1575 436 1668 480 ἀπὸ
1695 435 1817 495 ῤὀῶν

133 493 284 550 ξηρῶν
314 491 512 547 ποιήσας
542 492 704 549 ξηρίον
734 493 806 548 (de
834 493 971 537 malis
1000 495 1211 548 yrauatis
1234 495 1366 539 siccis
1381 495 1616 550 pulverem
1638 497 1815 551 facito).

249 551 312 596 58
345 552 400 594 H
421 557 504 595 251
539 550 649 595 ἄλλο
673 551 790 609 πρὸς
819 551 1079 610 πληθώραν
1103 556 1322 609 κεφαλῆς.
1389 554 1451 597 Μ
1472 558 1528 599 96
1561 555 1671 611 χνη’
1706 557 1822 613 πρὸς

132 610 412 667 πληθούραν
444 614 663 667 κεφαλῆς.

251 673 441 714 cretae
490 671 627 714 duas
667 672 862 727 partes
895 685 933 715 e.
968 686 1011 727 q.
1051 671 1108 729 s.]
1148 672 1401 728 κρηταρίου
1449 669 1565 729 μέρη
1613 672 1700 717 δύο
1739 673 1821 717 καὶ

131 728 333 780 ἀκακίας
370 732 586 780 παλαιᾶς.
641 731 765 774 certe
810 730 977 774 melius
1023 744 1126 774 cum
1174 731 1302 775 creta
1351 730 1455 776 calx
1501 732 1818 789 componitur;

132 790 188 832 cf.
215 787 329 845 Veg.
354 789 419 832 ΠΙ
443 793 499 832 29
532 788 591 844 (si
621 802 678 832 ex
709 789 896 844 pletura
927 790 1165 845 sanguinis
1196 791 1353 834 tumor
1384 790 1610 848 evenerit)
1651 795 1820 836 cretam

131 848 359 892 cimoliam
396 849 578 892 duabus
609 849 828 904 partibus
865 853 908 892 et
944 849 1125 893 tertiam
1156 853 1339 904 partem
1378 854 1524 894 cretae
1563 850 1726 908 ‘niqra'e
1764 866 1820 895 ex

129 907 237 951 vino
255 913 433 952 austero
455 908 735 963 temperabis.
783 907 992 951 acaciam
1015 908 1200 965 nigram
1218 907 1499 965 Pelagonius
1525 913 1581 953 65
1608 909 1818 967 adhibet,

131 964 189 1010 de
222 981 314 1021 qua
345 982 388 1011 v.
413 965 622 1010 Dioscor.
646 965 668 1008 I
694 970 791 1009 133.

247 1025 310 1069 59
352 1025 410 1068 H
435 1030 521 1070 297
561 1024 671 1068 ἄλλο
710 1026 1026 1081 Πελαγωνίου.
1095 1024 1125 1080 ἡ
1165 1025 1362 1082 ὑγρότης
1399 1033 1491 1070 τῶν
1532 1023 1674 1084 ῥινῶν
1714 1027 1820 1071 διά-

130 1083 275 1140 φορός
318 1080 414 1128 ἔστι
459 1087 551 1129 κτλ.
594 1106 648 1121 =
691 1086 752 1128 M
784 1089 868 1128 128
909 1085 1022 1146 ᾳκγ’
1067 1087 1370 1141 Πελαγωνίου
1413 1085 1522 1144 περὶ
1567 1086 1819 1145 ὑγρότητος

130 1141 270 1201 ῥἰνός.
334 1144 447 1201 Veg.
473 1144 540 1187 III
565 1148 636 1188 36.

249 1203 342 1258 qui
373 1217 401 1247 a
434 1217 539 1258 quo
579 1203 704 1247 loco
739 1204 945 1247 exeant
977 1216 1015 1246 e.
1042 1217 1083 1258 q.
1110 1204 1167 1261 3.]
1203 1203 1427 1260 Vegetius
1450 1204 1537 1249 ita:
1562 1219 1818 1250 muccorum

128 1263 264 1307 etiam
288 1264 532 1319 qualitates
559 1264 640 1319 qui
655 1277 742 1319 per
763 1275 899 1306 ‘nares
921 1263 1133 1318 effluunt,
1157 1265 1363 1307 convenit
1385 1277 1526 1308 nosse.
1574 1278 1629 1308 ex
1653 1265 1819 1321 quibus

129 1336 272 1378 oenus
289 1323 527 1378 passionis
550 1324 806 1366 ostenditur
827 1326 869 1366 et
885 1335 1026 1366 causa
1048 1323 1231 1380 coquita
1254 1323 1445 1376 facilius
1476 1324 1636 1367 curari
1652 1329 1815 1379 potest.

51 1402 59 1409 ⁸
129 1382 187 1426 cf.
221 1381 363 1425 etiam
402 1380 445 1424 II
480 1385 556 1435 10,
589 1385 614 1424 2
662 1395 718 1425 ex
762 1395 917 1426 umore
961 1394 1135 1438 quoque
1172 1383 1252 1439 qui
1290 1383 1344 1426 de
1381 1383 1576 1426 naribus
1610 1384 1818 1438 profluit,

122 1444 281 1497 passio
321 1442 609 1497 apertissima
641 1442 917 1485 declaratur.

246 1500 452 1543 rubeus
483 1499 671 1543 tenuis
711 1498 985 1556 frigidus]
1025 1500 1190 1544 rubeus
1228 1500 1379 1545 tenuis
1416 1500 1620 1557 friyidus
1658 1501 1819 1545 veteris

130 1560 446 1614 perfrictionis
485 1559 648 1615 prodit
698 1559 924 1603 iniuriam
969 1558 1217 1615 Vegetius,
1258 1559 1315 1604 cf.
1340 1558 1384 1601 Π
1409 1563 1479 1615 10,
1504 1565 1530 1603 3
1570 1574 1601 1603 a
1623 1560 1818 1616 perfric-

128 1620 252 1663 tione
283 1621 371 1663 erit
400 1632 532 1663 umor
562 1619 715 1663 tenuis
744 1619 986 1674 aquaticus
1015 1623 1058 1662 et
1087 1619 1301 1675 friyidus.

246 1678 550 1722 caeruleus
583 1676 752 1735 levis]
786 1691 891 1721 cum
923 1677 981 1721 H
1006 1677 1209 1732 omittat,
1244 1676 1554 1721 Schneiderus
1587 1677 1816 1721 adductus

126 1739 197 1781 est
227 1738 280 1780 ut
311 1736 501 1793 Vegetii
531 1737 674 1782 verba
712 1737 945 1781 caeruleus
983 1737 1035 1780 id
1074 1741 1139 1781 est
1176 1737 1334 1791 fuscus
1371 1750 1517 1792 usque
1556 1737 1818 1781 adhibenda

128 1798 308 1841 curatio
339 1801 404 1842 est
432 1797 644 1853 ineptum
677 1796 1050 1840 additamentum
1083 1794 1385 1840 existimaret.

244 1855 570 1913 faecaceus]
602 1854 660 1898 H
686 1855 876 1902 omittit.
924 1855 1103 1911 corrige
1128 1854 1316 1910 Vegetii
1347 1854 1473 1910 quod
1504 1853 1654 1897 fertur
1682 1854 1815 1908 faba-

128 1929 242 1960 ceus.
291 1915 348 1960 cf.
374 1915 418 1957 II
446 1919 515 1970 10,
540 1919 567 1959 3
600 1930 630 1959 a
651 1915 915 1971 ylaudulis.
938 1947 948 1958 .
969 1949 978 1958 .
998 1949 1007 1958 .
1026 1927 1157 1958 umor
1180 1915 1267 1958 erit
1290 1914 1516 1958 candidus
1539 1918 1582 1957 et
1604 1914 1814 1958 viscosus,

245 1975 308 2020 60
339 1975 403 2019 Μ
420 1979 476 2018 96
508 1974 623 2031 χνθ’
658 1970 744 2018 ἐὰν
776 1975 916 2024 ἵππος
947 1969 998 2017 ἐν
1029 1978 1092 2032 τῷ
1126 1968 1367 2032 ἐγκεφάλῳ
1398 1974 1624 2030 κρουσθῇ.

245 2035 397 2092 rosa]
430 2034 476 2077 h.
503 2047 556 2089 e.‚
590 2033 630 2078 si
660 2035 786 2078 recte
818 2033 1040 2088 traditur,
1085 2031 1188 2077 oleo
1227 2033 1305 2076 vel
1343 2034 1580 2088 unguento
1620 2030 1815 2086 rosacio,

128 2093 185 2137 cf.
220 2092 380 2137 Celsus
414 2093 479 2137 VI
505 2097 582 2147 18,
608 2097 634 2136 8
676 2106 802 2149 saep.
878 2091 1125 2136 maluerim
1166 2093 1326 2134 tamen
1368 2104 1591 2148 reponere
1638 2091 1816 2135 rosacio

124 2152 258 2209 (μετὰ
289 2152 425 2207 ὄξους
455 2152 536 2197 καὶ
567 2149 759 2210 ῥοδίνου
795 2152 889 2207 Μ).

247 2212 308 2256 61
344 2211 412 2255 Cf.
439 2217 509 2256 64.

243 2271 306 2315 62
331 2271 389 2315 Η
407 2275 492 2314 251
519 2269 629 2314 ἄλλο
652 2269 769 2327 πρὸς
794 2268 936 2328 βάρος
952 2271 1172 2324 κεφαλῆς.
1219 2266 1263 2312 εἰ
1285 2267 1367 2311 διὰ
1390 2273 1482 2311 τῶν
1507 2263 1649 2323 ῥινῶν
1672 2267 1817 2316 πολὺς

127 2328 322 2388 φέρεται
337 2329 493 2387 χυμὸς,
518 2330 664 2389 τούτῳ
688 2333 750 2388 τῷ
765 2329 1106 2385 προποτίσματι
1128 2326 1441 2383 θεραπεύσεις
1463 2329 1556 2370 κτλ.
1583 2327 1646 2370 M
1652 2331 1707 2370 96
1725 2326 1815 2381 χξ’.

245 2389 307 2434 63
340 2390 396 2433 H
422 2393 510 2434 304
535 2387 580 2433 εἰ
606 2389 659 2433 τὸ
690 2387 926 2446 τραγανὸν
950 2393 1041 2431 τῶν
1066 2384 1208 2444 ῥινῶν
1242 2389 1426 2443 σχισθῇ.
1477 2386 1538 2429 Μ
1556 2389 1638 2429 147
1666 2385 1814 2446 ᾳρπς’

125 2448 283 2505 periit.
347 2449 463 2506 Veg.
488 2449 555 2491 III
579 2453 651 2503 34,
678 2452 700 2491 1
736 2447 813 2504 (cf.
838 2447 905 2490 III
930 2451 998 2502 14,
1027 2449 1086 2502 1).

245 2507 554 2565 abstineri]
594 2505 725 2552 nolui
763 2508 973 2562 mutare,
1013 2518 1296 2565 quamquam
1339 2503 1557 2549 usitatius
1599 2504 1670 2547 est
1709 2515 1815 2548 cou-

125 2569 267 2613 tineri
296 2567 394 2612 sive
423 2568 624 2612 retineri.
687 2566 807 2610 illud.
837 2565 1011 2622 legitur
1040 2565 1089 2608 in
1120 2564 1342 2608 lemmate
1378 2577 1478 2620 cap.
1502 2561 1692 2606 XXIIII.
1749 2560 1810 2618 μὴ

125 2626 392 2684 δυνάμενον
424 2632 590 2683 στῆναι
619 2625 687 2681 H,
717 2626 908 2682 samyuis
938 2624 1127 2681 reprimi
1155 2637 1250 2668 non
1283 2624 1430 2679 possit
1476 2620 1712 2677 VegetiuS.
1755 2622 1814 2664 cf.

21 2655 39 2746 f,
126 2685 250 2802 (Cass.
284 2687 462 2801 14ὲέὶέῗὸ
494 2689 559 2742 (p.
586 2691 642 2730 27
666 2686 807 2742 Rose)
838 2689 880 2730 et
909 2684 1101 2742 sanquis
1140 2683 1365 2728 abstineri
1403 2682 1587 2726 minime
1614 2679 1817 2736 potuerit

145 2759 169 2789 c
194 2781 201 2790 .
229 2759 275 2802 p.
413 2780 422 2790 .

245 2803 310 2848 64
351 2804 410 2847 H
439 2809 494 2849 62
538 2803 833 2848 κατάπλασσε
872 2802 955 2852 τὰς
992 2802 1261 2858 παρωτίδας
1307 2798 1485 2858 ἀλεύρῳ
1525 2799 1681 2856 σιτίνῳ
1721 2799 1814 2839 κτλ.

127 2863 185 2909 cf.
213 2867 282 2907 61.
329 2863 379 2907 in
410 2863 456 2907 P
479 2861 751 2908 inscribitur
782 2861 892 2905 ἄλλο
923 2861 1032 2918 περὶ
1062 2861 1339 2917 παρωτίδος.
1595 2920 1598 2921 7

245 2922 304 2966 65
342 2923 403 2965 M
442 2926 496 2965 70
535 2921 640 2978 υμε’
697 2923 1000 2977 Πελαγωνίου
1040 2926 1137 2970 πῶς
1176 2918 1261 2976 χρὴ
1303 2919 1486 2972 πλῆθος
1527 2917 1722 2973 αἵματος
1761 2910 1813 2958 ἐκ

1371 2991 1459 3033 10*
