2060 3232
189 277 514 330 subieiuntur,
583 289 705 334 quae
771 277 982 322 ventrem

186 352 375 397 movent
410 348 639 408 bilemque
676 362 861 395 omnem
906 348 983 395 de-

187 424 378 471 duewnt.
439 423 636 482 quidam
664 435 862 469 murrae
899 422 982 468 tri-

185 500 264 545 tae
300 496 618 556 quadrantem
654 509 763 542 eum
791 495 984 542 hemina

185 571 290 618 vini
340 570 564 629 faucibus
623 568 891 627 infundunt
943 570 985 614 et

187 657 340 691 anum
367 644 477 702 pice
523 642 708 701 liquida
753 641 982 689 oblinunt.

187 717 278 765 alii
312 717 511 763 marina
549 729 679 774 aqua
709 715 877 762 lavant
914 714 983 762 al-

184 804 320 844 vum,
361 790 449 838 alii
484 789 659 836 recenti
695 789 872 836 muria.

253 933 435 985 CoLVI
450 936 587 998 30,9.
602 936 670 982 10
682 934 830 982 solent
843 935 985 982 etiam

184 1023 367 1057 vermes
398 1009 539 1068 quasi
569 1008 791 1056 lumbrici
820 1021 985 1054 nocere

184 1083 444 1137 intestinis,
469 1096 672 1142 quorum
693 1083 834 1141 siyna
857 1084 983 1135 sunt,

188 1157 233 1203 si
261 1157 475 1203 iumenta
508 1169 615 1203 eum
639 1155 799 1202 dolore
822 1155 984 1201 erebro

184 1229 483 1283 volulantur,
528 1229 574 1275 si
619 1228 871 1275 admovent
907 1240 984 1274 ea-

175 1305 271 1362 put
290 1305 446 1355 uter0,
477 1302 522 1349 si
552 1301 760 1348 caudam
789 1301 985 1359 saepius

183 1377 380 1423 iactant.
400 1388 637 1434 praesens
648 1375 887 1421 medicina
904 1376 985 1434 est,

183 1451 255 1497 ita
284 1452 339 1495 ut
368 1463 523 1507 supra
545 1449 777 1507 seriptum
801 1450 881 1501 est,
912 1448 985 1494 in-

187 1535 344 1571 serere
372 1536 573 1569 manum
603 1525 647 1568 et
682 1522 853 1580 fimum
892 1522 984 1568 exi-

188 1609 340 1652 mere,
379 1596 548 1643 deinde
585 1595 750 1642 alvum
786 1596 986 1642 marina

186 1683 318 1728 aqua
346 1669 420 1716 vel
449 1669 614 1716 muria
644 1669 773 1716 dura
803 1669 984 1729 lavare,

175 1746 349 1803 postea
385 1742 598 1790 radicem
635 1744 864 1802 capparis
901 1743 984 1789 tri-

186 1819 286 1864 tam
310 1829 418 1863 eum
440 1817 650 1863 semiario
681 1817 802 1863 aeeti
830 1816 985 1875 fauci-

187 1890 276 1937 bus
292 1890 562 1949 infundere.
600 1903 718 1937 nam
741 1889 825 1936 hoe
847 1889 985 1936 modo

181 1963 438 2024 praedicta
468 1964 703 2010 intereunt
734 1956 983 2011 animalia.

264 2400 368 2449 Col.
394 2399 468 2448 VI
494 2401 579 2464 31,
599 2402 622 2448 1
661 2415 824 2449 reeens
840 2403 985 2450 tussis

187 2473 402 2524 celeriter
423 2477 631 2522 sanatur
656 2476 843 2534 pinsita
867 2475 985 2522 lente

187 2552 231 2598 et
253 2563 286 2597 a
307 2548 516 2597 valvulis
538 2551 767 2608 separata
781 2549 982 2596 minute-

186 2637 276 2683 que
290 2622 470 2670 molita.
505 2636 628 2682 quae
644 2636 751 2669 eum
765 2623 836 2669 ita
851 2623 986 2680 faeta

187 2699 315 2751 sunt,
346 2697 590 2744 sextarius
613 2709 769 2755 aquae
800 2695 987 2743 calidae

186 2772 241 2819 in
283 2770 481 2817 eandem
522 2782 801 2817 menswram
849 2769 988 2816 lentis

187 2845 415 2892 miscetur
446 2845 490 2890 et
516 2843 743 2902 faucibus
771 2842 988 2902 infundi-

187 2920 267 2966 tur
283 2916 548 2975 similisque
569 2916 808 2964 medicina
830 2915 988 2964 triduo

1014 137 1045 189 8

1029 2877 1035 2979 1

1128 165 1189 172 —-

1073 271 1266 321 κοιλίαν
1296 271 1526 338 καθαίρει
1555 269 1640 320 καὶ
1669 269 1759 334 τὴν
1790 290 1871 336 χο-

1073 343 1165 408 λὴν
1190 342 1379 410 ὑπάγει.
1417 342 1547 403 τινὲς
1573 342 1626 393 δὲ
1651 344 1873 410 σμύρνης

1073 415 1386 482 λελειωμένης
1415 422 1477 483 γό
1506 415 1558 484 γ’
1583 416 1698 483 μετὰ
1730 417 1872 467 οἴνου

1075 491 1145 550 εἰς
1189 490 1275 541 τὸν
1321 490 1496 555 λαιμὸν
1548 490 1875 556 ἐμβάλλουσιν

1073 563 1156 613 καὶ
1173 563 1259 614 τὸν
1284 564 1547 614 δακτύλιον
1569 565 1720 633 πίσσῃ
1745 563 1873 632 ὑγρᾷ

1075 636 1377 701 ἀλείφουσιν.
1425 635 1578 704 ἕτεροι
1608 635 1660 686 δὲ
1691 641 1871 686 θαλατ-

1074 711 1158 779 τίῳ
1197 711 1341 760 ’ὕδατι
1378 709 1469 774 τὴν
1507 708 1716 776 γαστέρα
1756 711 1874 760 κλύ-

1076 785 1269 849 ζουσιν,
1301 781 1438 834 ἄλλοι
1469 781 1521 833 δὲ
1559 788 1711 853 νεαρᾷ
1743 783 1873 853 ἅλμῃ

1074 856 1127 907 τὸ
1160 857 1278 908 αὐτὸ
1309 858 1620 924 πράττουσιν.

1150 933 1337 995 Miller,
1381 932 1500 981 Not.
1556 934 1608 980 et
1662 932 1873 979 extraits

1074 1006 1193 1054 XXI
1218 1008 1247 1053 2
1276 999 1472 1072 (1865)
1498 1022 1544 1068 p.
1566 1006 1670 1054 103
1695 1003 1874 1069 Εὐμή-

1075 1083 1164 1128 λου
1188 1078 1311 1144 πρὸς
1334 1076 1561 1144 ἕλμιγγας
1585 1076 1669 1127 καὶ
1693 1077 1874 1141 σκώλη-

1074 1172 1177 1210 κας.
1225 1152 1403 1201 εἴωθεν
1435 1151 1489 1201 ἐν
1520 1156 1621 1210 τοῖς
1654 1150 1789 1210 ἐντὸς
1821 1150 1875 1200 τὸ

1073 1223 1215 1291 γένος
1245 1232 1344 1274 τῶν
1383 1225 1648 1289 σκωλήκων
1686 1224 1770 1274 καὶ
1799 1223 1875 1274 ἕλ-

1076 1298 1264 1364 μίγγων
1294 1304 1581 1364 γεννᾶσθαι.
1644 1306 1789 1348 τοῦτο
1822 1295 1875 1347 δὲ

1073 1372 1357 1437 γνωρίζεται
1400 1370 1481 1420 διὰ
1521 1379 1757 1437 συνεχοῦς
1786 1379 1876 1421 τοῦ

1075 1445 1203 1504 ζώου
1241 1445 1489 1504 κυλίσεως.
1551 1445 1783 1503 πολλάκις
1823 1442 1877 1494 δὲ

1074 1517 1159 1568 καὶ
1198 1516 1346 1582 (trad.
1387 1513 1480 1585 εἰς)
1520 1517 1611 1582 τὴν
1654 1517 1876 1582 κεφαλὴν

1076 1592 1146 1652 εἰς
1161 1590 1253 1656 τὴν
1269 1592 1462 1641 κοιλίαν
1487 1590 1663 1658 ἀπάγει
1686 1590 1770 1641 καὶ
1785 1591 1878 1656 τὴν

1077 1665 1235 1731 σοβὴν
1268 1663 1547 1731 διαστρέφει
1569 1664 1652 1715 καὶ
1682 1666 1877 1725 τούτοις

1076 1744 1177 1798 τοῖς
1209 1739 1429 1804 σημείοις
1458 1739 1750 1805 γνωρίζεται.
1790 1737 1875 1803 ἐμ-

1076 1815 1246 1878 βαλεῖν
1277 1813 1451 1862 τοίνυν
1483 1812 1572 1879 χρὴ
1611 1811 1703 1876 τὴν
1741 1817 1877 1879 χεῖρα

1075 1885 1198 1936 κατὰ
1228 1893 1315 1951 τῆς
1345 1885 1551 1953 γαστρὸς
1577 1884 1643 1945 ὡς
1674 1886 1876 1951 εἴπομεν

1074 1959 1158 2009 καὶ
1188 1958 1247 2009 τὰ
1277 1959 1609 2026 περιττώματα
1635 1958 1752 2025 μετὰ
1775 1966 1875 2009 τῶν

1074 2032 1315 2099 ἐλμίγγων
1358 2031 1612 2098 ἀφέλκειν,
1651 2033 1876 2099 ράπανον

1076 2105 1129 2156 δὲ
1152 2105 1472 2172 λελειωμένην
1498 2102 1599 2172 μετ’
1621 2104 1768 2166 ὄξους
1800 2105 1874 2166 ξέ-

1075 2195 1192 2230 στου
1210 2178 1262 2229 α’
1275 2185 1342 2249 τῷ
1366 2185 1522 2249 λαιμῷ
1539 2179 1768 2246 ἐμβαλεῖν
1791 2179 1875 2229 καὶ

1076 2254 1232 2313 οὕτως
1255 2254 1370 2313 τοὺς
1394 2253 1648 2318 σκώληκας
1671 2252 1754 2302 καὶ
1786 2253 1873 2313 τὰς

1075 2324 1302 2393 ἕλμιγγας
1340 2326 1620 2386 ἀποπνῖξαι.

1148 2401 1343 2449 Eumel.
1367 2401 1518 2463 Hipp.
1547 2403 1612 2449 73
1646 2399 1736 2463 τὴν
1760 2419 1874 2449 νεα-

1076 2471 1170 2538 ρὰν
1209 2475 1337 2539 βῆχα
1376 2473 1506 2522 ι’ἄται
1544 2481 1709 2538 φακῆς
1755 2473 1873 2538 ἀλη-

1075 2544 1310 2611 λεσμένης
1325 2545 1410 2596 καὶ
1432 2545 1874 2612 ἀπολελεπισμένης

1074 2617 1282 2685 ἄλευρον
1298 2617 1332 2685 ἢ
1350 2620 1529 2669 πίσσου
1549 2618 1730 2685 ὁμοίως
1754 2619 1873 2684 ἀλη-

1074 2692 1307 2758 λεσμένον
1327 2692 1410 2742 καὶ
1425 2692 1799 2759 κεκαθαρμένου
1817 2694 1872 2744 ἐν

1076 2766 1257 2826 ὕδατος
1288 2771 1480 2832 θερμοῦ
1513 2765 1652 2836 ξέστῃ
1684 2766 1758 2817 ἓνὶ
1789 2767 1872 2816 διὰ

1075 2838 1275 2906 κέρατος
1307 2839 1583 2905 διδόμενον.
1623 2840 1681 2889 τὰ
1707 2839 1871 2906 μέντοι

1077 2921 1325 2964 νοσοῦντα
1357 2914 1454 2972 ζῶα
1484 2911 1516 2978 ἢ
1547 2913 1664 2984 χλόῃ
1697 2913 1728 2980 ἢ
1762 2914 1871 2965 δέν-
