2060 3232
884 115 1247 168 -95-

115 255 210 302 303
336 253 465 302 Item
494 252 633 316 potio
667 252 731 302 ad
760 252 896 315 ipsos
927 251 1214 300 certissima.
1270 250 1522 300 tracanthi
1552 265 1668 299 sem.
1700 250 1753 298 in
1790 250 1908 302 vino

227 327 460 376 infundes
476 366 489 391 ,
555 326 658 389 opii
722 341 844 388 scrp.
898 325 1031 390 IIII,
1097 324 1307 387 styracis
1361 339 1484 387 scrp.
1542 324 1648 389 III,
1709 324 1912 373 nucleos

227 401 401 464 pineos
441 399 586 449 CCX:
641 400 762 448 haec
809 399 959 447 simul
1005 399 1186 447 deteris
1239 398 1518 447 diutissime
1565 400 1616 446 et
1660 397 1914 462 magnitu-

229 475 395 523 dinem
432 474 573 522 nucis
618 473 893 521 Abellanae
933 488 1047 521 cum
1075 471 1182 521 vini
1213 474 1331 520 sext.
1370 488 1460 534 per
1491 487 1646 521 cornu
1682 471 1913 520 faucibus

227 548 460 597 infundes
491 564 580 610 per
610 547 714 595 dies
746 549 947 609 septem.
986 546 1080 594 hoc
1119 545 1273 593 etiam
1310 546 1361 593 et
1390 545 1673 594 hominibus
1712 545 1915 608 prodest
1959 552 1981 586 5
2042 583 2050 614 3

227 621 373 670 fabae
411 620 810 685 magnitudinem
847 635 962 668 cum
1001 635 1094 668 ovo
1134 618 1336 667 dedisse.
2039 623 2042 640 ³

120 695 217 742 304
345 695 475 744 Item
513 694 555 742 si
594 693 890 758 sanguinem
926 692 1173 757 reiecerit,
1219 691 1422 754 prodest
1467 693 1700 756 genestae
1740 707 1916 741 sucum

229 785 347 818 cum
399 768 515 818 vino
570 768 686 816 dare
738 769 829 816 aut
873 766 1010 829 porri
1057 781 1233 815 sucum
1277 760 1462 831 <cum>
1508 765 1660 815 lixivo
1708 768 1759 814 et
1806 766 1913 815 oleo

230 842 459 891 faucibus
497 842 771 890 infundere.

118 916 215 963 305
341 917 471 964 Item
510 915 552 963 si
591 915 796 979 sanguis
827 931 916 976 per
947 929 1091 962 nares
1121 913 1334 977 fluxerit,
1365 913 1631 962 linteolum
1662 915 1713 961 et
1744 914 1914 962 lanam
1938 922 1981 954 10

232 990 489 1039 combures
529 991 579 1037 et
616 1005 706 1051 per
742 988 977 1037 fistellam
1014 987 1067 1035 in
1105 1002 1249 1036 nares
1289 987 1533 1035 exsufflas,

121 1062 216 1108 306
345 1063 399 1110 Si
437 1062 579 1125 equis
618 1077 797 1124 spuma
833 1078 923 1124 per
962 1077 1015 1110 os
1053 1061 1253 1109 fluxerit
1283 1061 1479 1123 cibique
1517 1061 1780 1109 fastidium
1811 1076 1918 1110 sus-

231 1135 490 1199 tinuerint,
529 1135 864 1184 rosmarinum
904 1135 958 1182 in
997 1150 1131 1197 aqua
1169 1134 1376 1183 infunde
1416 1136 1467 1183 et
1503 1135 1617 1183 inde
1649 1150 1702 1184 os
1734 1135 1916 1199 foveto,

232 1209 402 1258 addito
443 1211 494 1257 et
530 1208 655 1257 folia
692 1208 901 1256 lentisci.

121 1283 212 1328 307
341 1282 471 1331 Item
510 1281 649 1336 aliud
688 1281 1007 1331 Columellae.
1051 1281 1114 1343 ‚si
1153 1281 1358 1344 sanguis
1396 1298 1486 1343 per
1521 1297 1665 1330 nares
1703 1282 1916 1346 fluxerit,
1942 1289 1984 1322 15

230 1356 513 1419 periculum
551 1355 734 1420 adfert,
775 1356 909 1418 quod
946 1354 1238 1417 reprimitur
1282 1355 1448 1404 infuso
1495 1356 1699 1404 naribus
1744 1356 1918 1405 viridis

232 1429 479 1479 coriandri
518 1444 650 1478 suco.

124 1503 221 1550 308
347 1503 428 1551 Ad
467 1518 549 1552 eos
590 1503 678 1565 qui
716 1502 1013 1566 sanguinem
1042 1502 1232 1551 meiant
1263 1504 1354 1551 aut
1384 1505 1574 1568 cacant,
1603 1503 1753 1552 Flori.
1810 1518 1920 1552 san-

235 1576 349 1640 guis
390 1577 448 1625 de
486 1576 659 1639 palato
707 1576 983 1624 mittendus
1031 1578 1108 1624 est
1154 1578 1205 1625 et
1251 1577 1509 1639 asphodeli
1552 1577 1769 1626 radicem
1807 1593 1922 1626 cum

207 1650 341 1699 -vini
403 1649 563 1698 sucidi
624 1652 743 1698 sext.
803 1650 856 1697 II
909 1650 1091 1699 deteris
1160 1649 1425 1714 diligenter
1478 1653 1528 1700 et
1572 1651 1788 1699 farinam
1832 1650 1920 1699 tri·
1944 1657 1988 1690 2⁰

234 1723 417 1773 ticcam
455 1723 722 1788 diligenter
759 1723 932 1787 cerniS,
962 1723 1297 1786 rossyriacum
1327 1724 1381 1771 in
1412 1740 1547 1787 aqua
1576 1724 1664 1773 diu
1687 1724 1922 1788 decoquis

238 1799 290 1846 et
328 1797 594 1847 commixta
634 1797 801 1846 omnia
849 1797 1115 1861 diligenter
1158 1814 1248 1860 per
1294 1813 1348 1847 os
1392 1798 1622 1847 faucibus
1666 1799 1920 1862 infundes3

236 1886 353 1919 sane
401 1887 501 1919 non
546 1872 766 1919 multum
813 1871 1048 1920 ambulet.
1122 1872 1381 1933 praeterea
1426 1874 1651 1921 ventrem
1698 1888 1832 1936 aqua
1871 1875 1922 1921 et

234 1944 368 1993 nitro
413 1944 686 2009 perfundis,
727 1944 959 1993 similiter
1005 1947 1056 1993 et
1100 1945 1304 1993 faenum
1350 1947 1400 1994 et
1444 1946 1699 1995 hordeum.
1746 1961 1920 1995 rursus

236 2018 279 2065 si
317 2034 407 2080 per
443 2033 587 2067 nares
625 2019 740 2066 fluit
779 2018 996 2083 sanguis,
1037 2034 1173 2080 aqua
1212 2019 1333 2067 satis
1363 2019 1548 2083 frigida
1578 2022 1732 2083 caput
1762 2020 1920 2083 ipsius
1944 2026 1987 2059 25

236 2091 427 2140 fovebis
467 2092 703 2141 adiuncto
742 2091 794 2139 in
835 2107 968 2154 aqua
1006 2092 1199 2141 modico
1240 2093 1354 2141 sale.

131 2164 228 2210 309
350 2165 480 2213 Item
504 2166 568 2214 ad
592 2181 674 2214 eos
700 2167 788 2228 qui
813 2166 1109 2230 sanguinem
1131 2169 1353 2215 vomunt.
1380 2166 1700 2232 absinthium,
1733 2168 1922 2231 spicam

238 2238 384 2286 nardi
422 2239 475 2286 in
515 2240 723 2288 caccabo
762 2256 891 2289 novo
931 2240 984 2287 in
1023 2255 1157 2303 aqua
1194 2241 1438 2303 decoques
1477 2243 1528 2290 et
1564 2242 1808 2304 potionaS.

128 2311 227 2358 310
351 2312 480 2360 Item
505 2313 547 2360 si
571 2313 775 2377 sanguis
798 2313 983 2361 nimius
1006 2330 1096 2376 per
1117 2326 1295 2363 venam
1317 2331 1604 2377 percussam
1626 2315 1920 2378 perruperit.

238 2385 505 2433 osticinum
551 2386 793 2435 conterito
840 2387 1033 2435 minute
1080 2390 1130 2435 et
1177 2388 1416 2450 apponito
1469 2390 1522 2437 in
1566 2390 1791 2454 plagam,
1832 2391 1922 2438 aut
1945 2398 1988 2430 30

236 2458 279 2506 si
317 2458 545 2523 defuerit,
586 2461 776 2508 stercus
815 2460 973 2522 ipsius
1015 2461 1132 2522 equi
1169 2461 1439 2510 fluentibus
1471 2463 1610 2512 venis
1643 2463 1919 2529 admoveto,

239 2534 330 2579 aut
369 2532 410 2580 si
449 2533 854 2598 perseveraverit,
893 2533 1028 2582 urito
1070 2534 1323 2583 subtiliter
1358 2538 1564 2598 propter
1600 2552 1789 2586 nervos.

354 2736 380 2775 2
414 2732 646 2791 στροβίλια
678 2731 895 2788 ἀριθμῶν
929 2731 995 2792 ιβ’
1022 2731 1080 2777 Η
1124 2733 1360 2792 στροβίλια
1389 2733 1577 2791 ἀριθμῶ
1611 2723 1658 2793 [β
1685 2735 1731 2779 Ρ
1751 2738 1766 2793 ΙΙ
1791 2741 1814 2780 7
1833 2737 1919 2780 rei-

237 2788 355 2833 cerit
384 2790 604 2847 prodeest
634 2793 825 2848 geneste
848 2792 863 2848 ΙΙ
890 2795 942 2835 12
977 2804 1120 2848 equos
1152 2806 1363 2849 spumam
1394 2806 1479 2849 per
1503 2806 1554 2837 os
1578 2793 1782 2839 luxerint
1813 2796 1920 2850 (for-

235 2852 353 2893 tasse
383 2862 574 2905 spumae
591 2875 646 2883 —
663 2849 896 2906 fluxerint)
926 2851 942 2907 ΙΙ
966 2854 1021 2895 17
1054 2849 1280 2896 coliandri
1304 2853 1320 2909 ss
1345 2855 1399 2896 19
1432 2852 1630 2897 asfodeli
1667 2855 1683 2910 ss
1728 2859 1785 2899 23
1817 2867 1921 2911 pre-

236 2907 366 2951 terea
388 2909 403 2965 u
427 2912 484 2952 24
514 2908 671 2954 fenum
695 2909 710 2966 ΙΙ
734 2912 790 2953 30
820 2908 1104 2954 hosticinum
1132 2912 1139 2967 Ι
1165 2910 1345 2970 minute
1373 2913 1380 2967 Ι
1407 2910 1507 2969 aut]
1542 2925 1602 2956 au
