2060 3232
794 150 1159 204 ..53—

135 291 310 338 contra
356 288 525 337 focum
576 287 724 349 potio·
772 289 823 335 et
876 286 946 336 sic
1000 287 1158 336 detur.
1236 303 1365 349 quae
1413 288 1455 334 si
1502 287 1624 335 satis
1669 288 1825 336 fuerit

136 363 311 426 spissa,
349 361 485 425 passi
522 362 638 423 plus
677 360 903 422 accipiat.

246 435 329 483 Ad
373 435 545 484 vulsos
599 435 658 482 de
704 434 906 482 recenti.
975 435 1258 497 capitulum
1303 434 1545 499 agninum
1590 435 1643 482 in
1690 451 1824 498 aqua
1841 445 1905 490 86

137 510 382 572 decoques
436 508 654 572 tamdiu,
717 508 960 571 quamdiu
1014 510 1180 557 totum
1240 508 1574 572 decoquatur,
1637 511 1687 556 et
1740 510 1824 557 ad—

91 596 111 627 5
136 584 304 648 iungis
342 583 595 632 modicum
631 582 794 631 mellis
834 585 885 631 et
930 582 1071 630 dabis
1116 598 1206 645 per
1250 598 1405 631 cornu
1443 582 1610 631 ieiuno
1651 582 1824 631 diebus

136 660 339 720 septem.

246 731 327 778 Ad
365 734 556 779 tussem
595 746 723 793 quae
764 731 824 778 de
863 730 1096 778 faucibus
1136 730 1373 779 nascitur.
1440 746 1640 779 murrae
1668 757 1730 764 —
1758 730 1824 795 II,
1844 739 1903 785 87

133 805 227 852 11111
287 805 489 853 seminis
549 804 685 852 fricti
745 806 888 868 sext,
951 804 1254 853 cardamomi
1308 804 1635 868 semunciam,
1696 820 1825 853 uvae

134 895 311 942 passae
352 881 494 942 sext.,
533 877 702 926 nuclei
739 879 883 941 sext.,
929 878 1094 926 mellis
1132 895 1178 940 p.
1219 878 1292 925 H:
1330 879 1452 926 haec
1500 878 1668 927 omnia
1714 878 1824 925 dili-

71 966 114 998 10
138 955 314 1018 genter
357 953 477 1001 teris
525 954 576 1000 et
619 952 722 1000 mel
770 951 910 1000 addis
958 954 1009 1000 et
1055 952 1123 1000 sic
1172 952 1339 1001 omnia
1377 952 1500 1000 trita
1540 952 1825 1001 commisces

35 1060 43 1064 -
134 1030 187 1075 et
233 1026 396 1091 agitas
442 1026 531 1074 diu
576 1028 628 1074 et
671 1025 796 1074 facis
841 1025 1071 1088 pastillos
1118 1026 1183 1073 ad
1226 1026 1431 1075 modum
1476 1026 1617 1074 nucis
1667 1028 1718 1075 et
1756 1026 1826 1075 sic

135 1103 304 1150 ternos
344 1101 549 1149 dim-nos
589 1100 729 1148 dabis
769 1099 942 1148 diebus
984 1100 1206 1163 quinque
1246 1102 1338 1148 aut
1376 1102 1578 1163 septem.

246 1175 377 1223 Item
414 1174 567 1222 aliud.
631 1173 813 1223 occidis
851 1174 1052 1236 pullum
1091 1176 1141 1222 et
1179 1174 1278 1222 cito
1325 1174 1472 1222 illum
1510 1174 1734 1236 despicas
1774 1177 1825 1223 et
1841 1183 1906 1228 88

136 1249 275 1298 tollis
314 1249 392 1296 illi
430 1249 655 1297 ventrem
693 1250 744 1296 et
783 1248 853 1295 sic
899 1249 1148 1310 quomodo
1190 1250 1285 1311 est,
1326 1264 1441 1296 cum
1479 1251 1692 1297 stercore
1732 1263 1824 1297 suo

22 1387 24 1389 ‚
70 1335 113 1369 15
136 1323 351 1372 involvis
389 1323 537 1370 illum
573 1322 628 1370 in
665 1322 813 1370 melle
853 1323 904 1369 et
952 1322 1126 1386 deicis,
1177 1338 1292 1370 cum
1330 1322 1482 1385 calet,
1530 1322 1697 1384 pecori
1735 1339 1826 1384 per

25 1390 31 1396 ⁸
135 1398 373 1446 canalem.
437 1396 771 1445 certissimum
809 1397 900 1444 est.

246 1471 328 1518 Ad
350 1473 541 1519 tussem
564 1487 782 1534 gravem.
836 1470 1022 1532 pilulas
1046 1469 1270 1532 cupressi
1292 1469 1527 1532 decoquis
1556 1472 1607 1517 et
1636 1485 1823 1533 purgas
1843 1478 1906 1524 89

136 1545 405 1609 diligenter
456 1546 508 1592 et
552 1544 605 1592 in
650 1544 753 1606 pilo
799 1559 1076 1592 marmoreo
1132 1559 1247 1592 cum
1292 1543 1512 1607 axungia
1558 1544 1824 1591 contundis

36 1648 40 1651 -
136 1622 187 1667 et
218 1635 364 1666 arum
396 1618 648 1667 Gallicum
679 1617 830 1665 simul
861 1619 912 1665 et
941 1618 1065 1666 folia
1095 1619 1269 1666 tenera
1298 1617 1478 1666 herbae
1509 1617 1825 1682 parietariae,

68 1706 112 1737 20
135 1696 186 1741 et
232 1693 357 1740 facis
413 1692 664 1755 pastillos,
721 1707 846 1754 quos
899 1708 989 1753 per
1032 1691 1260 1739 triduum
1304 1691 1519 1754 impares
1565 1692 1619 1739 in
1663 1692 1824 1756 melle,

137 1767 245 1816 oleo
301 1768 352 1815 et
404 1766 521 1815 vino
575 1781 722 1828 passo
740 1805 752 1829 ,
809 1766 915 1814 ovis
968 1766 1152 1814 tinctos
1208 1765 1400 1814 deicies.
1486 1769 1578 1814 aut
1630 1766 1673 1813 si
1732 1767 1825 1815 hoc

137 1840 388 1904 displicet,
445 1840 612 1889 omnia
666 1840 816 1888 simul
870 1840 1156 1888 commisces
1203 1856 1318 1888 cum
1371 1841 1479 1888 oleo
1532 1840 1727 1889 rosacio
1776 1843 1826 1888 et

135 1915 306 1978 melle,
352 1915 470 1963 vino
524 1929 671 1977 passo
727 1916 778 1962 et
824 1914 929 1963 ovis
975 1914 1182 1963 resolvis
1234 1916 1285 1962 et
1329 1915 1480 1977 teres;
1533 1930 1624 1977 per
1672 1930 1826 1963 cornu

137 1988 330 2037 deicies.
415 2004 532 2036 sane
588 1988 631 2036 si
683 1988 870 2050 pilulas
925 1988 1197 2051 decoquere
1251 1988 1494 2053 nolueris,
1540 1988 1652 2050 ipsa
1701 1988 1826 2036 folia

72 2075 114 2108 25
138 2063 359 2125 cupressi
410 2062 660 2110 subsiccas
707 2064 758 2110 et
802 2062 974 2110 tundis
1021 2065 1071 2111 et
1117 2062 1241 2110 facis
1286 2063 1567 2126 pulverem,
1614 2062 1695 2110 cui
1741 2062 1826 2109 ad-

137 2137 315 2185 misces
355 2137 522 2185 omnia
561 2136 833 2198 superiora

246 2211 327 2258 Ad
358 2213 562 2274 tussem,
588 2226 716 2273 quae
742 2210 801 2258 de
825 2210 1056 2257 faucibus
1080 2210 1316 2258 nascitur.
1365 2225 1564 2258 murrae
1590 2204 1697 2273 <—
1629 2206 1736 2274 —>
1759 2210 1824 2273 H,
1842 2219 1908 2264 90

135 2285 321 2368 piperis
359 2312 420 2317 —
456 2284 529 2348 H,
579 2284 672 2331 lini
720 2283 922 2332 seminis
971 2284 1107 2332 fricti
1154 2286 1297 2348 sext,
1349 2283 1654 2332 cardamomi
1700 2298 1823 2332 sem-

134 2359 350 2422 unciam,
382 2374 510 2407 uvae
541 2373 718 2420 passae
751 2359 886 2422 sext,
917 2358 1083 2406 nuclei
1115 2360 1250 2422 sext„
1282 2358 1444 2406 mellis
1475 2375 1522 2420 p.
1554 2357 1626 2405 II:
1660 2357 1827 2406 omnia

70 2445 113 2477 30
136 2433 260 2482 trita
297 2433 421 2480 bene
452 2432 591 2480 melli
620 2432 744 2480 bene
783 2432 1024 2481 calefacto
1058 2434 1110 2480 et
1140 2434 1279 2481 cocto
1313 2431 1546 2496 adiungis
1579 2433 1629 2479 et
1661 2431 1824 2495 agitas

136 2507 225 2555 diu
257 2509 307 2555 et
337 2507 461 2555 facis
492 2506 723 2569 pastillos
747 2506 811 2553 ad
839 2506 1046 2555 modum
1076 2506 1230 2570 nucis,
1266 2522 1390 2568 quos
1422 2508 1589 2554 ternos
1622 2505 1824 2554 diurnos

136 2581 288 2630 deicis
328 2581 500 2629 diebus
540 2582 730 2643 septem
769 2582 860 2628 aut
896 2581 1046 2628 ultra.

259 2785 284 2823 2
324 2779 475 2836 passis
505 2780 551 2823 R
581 2782 718 2829 (corr.
752 2781 932 2835 Sarch.)
964 2780 979 2836 ΙΙ
1009 2785 1038 2824 4
1068 2778 1235 2824 tandiu
1258 2782 1274 2837 ΙΙ
1298 2784 1322 2823 7
1355 2793 1537 2848 myrrae
1560 2780 1575 2835 ss
1599 2783 1626 2823 8
1665 2779 1822 2823 carda-

139 2839 286 2883 momi
315 2853 413 2882 sem
437 2865 492 2872 —
518 2838 539 2882 I
569 2839 616 2884 R
662 2837 907 2896 καρδάμου
939 2847 993 2895 γῡ
1024 2836 1065 2884 s'
1098 2839 1151 2883 H
1183 2840 1330 2896 (infra
1360 2840 1414 2883 i‘n
1445 2843 1506 2884 90
1538 2838 1824 2883 cardamomi

141 2911 236 2941 sem
256 2897 320 2954 R)
349 2898 365 2954 ΙΙ
396 2902 452 2941 10
484 2898 622 2942 tritae
647 2899 662 2956 ΙΙ
683 2902 745 2964 14
785 2899 925 2942 tolles
952 2906 958 2949 ι
986 2898 1219 2954 quomodo
1251 2898 1432 2943 Sao-cha
1465 2912 1558 2954 quo
1590 2899 1605 2954 u
1640 2902 1693 2941 16
1726 2912 1823 2942 car-

138 2957 295 3000 nalem
319 2958 333 3012 ΙΙ
358 2961 414 3000 20
443 2957 666 3012 pastellos
693 2959 700 3014 Ι
727 2956 912 3013 inpares
935 2959 951 3014 Ι,
975 2961 1029 3001 31
1062 2956 1289 3014 pastellos
