2060 3232
890 103 1251 156 —80-

118 249 210 295 231
339 241 469 290 Item
504 243 565 290 ut
602 257 731 305 equo
769 241 991 305 ungulae
1030 241 1265 288 crescant.
1333 239 1422 288 alii
1459 239 1684 302 capitula
1722 233 1910 303 (tria),

228 317 372 364 rutae
402 315 732 379 manipulum,
766 313 1002 364 aluminis
1032 314 1172 362 tunsi
1203 329 1272 362 ac>
1291 313 1495 362 cribrati
1531 339 1594 346 —
1629 312 1716 377 VI,
1756 328 1911 360 axun-

228 389 340 454 giae
378 389 560 439 veteris
589 406 636 452 p.
669 389 733 453 Π,
774 387 1002 437 stercoris
1034 387 1217 436 asinini
1246 402 1453 436 manum
1482 387 1704 450 plenam:
1744 385 1911 435 omnia

228 463 441 513 conteris
481 466 531 512 et
570 462 750 512 cotidie
789 461 959 510 uteris,

116 543 210 590 232
337 537 467 586 Item
513 537 577 584 ad
630 551 851 585 ozaenas,
921 535 1091 583 fabam
1143 533 1316 596 coquis
1361 534 1414 581 in
1461 549 1595 596 aqua
1640 535 1691 582 et
1735 535 1910 596 postea
1956 545 1978 579 5

227 612 449 660 conteres
489 626 604 659 cum
640 610 786 658 melle
826 611 877 657 et
915 608 968 656 in
1005 624 1171 670 panno
1209 607 1426 656 induces.
1490 622 1641 655 sanus
1679 605 1749 655 fit.

115 690 211 737 233
339 684 468 733 Item
507 684 549 731 si
588 699 618 732 a
654 685 768 732 rota
805 682 1059 732 vexaverit
1097 677 1366 746 (pedem),
1403 680 1616 729 bulbum
1651 680 1823 728 rufum
1862 682 1913 728 et

226 774 463 806 mannam
515 757 644 805 turis
698 756 913 806 conteris
959 758 1010 804 et
1061 754 1297 819 imponiS,
1351 756 1467 818 post
1518 754 1728 803 tertium
1780 753 1913 802 diem

228 831 380 881 solvis
428 833 479 879 et
515 831 699 880 iterum
746 831 960 878 similem
1005 845 1177 878 curam
1214 828 1450 891 imponis3
1498 829 1613 891 post
1657 828 1911 892 malagma

225 905 396 954 uteris.
1935 915 1978 947 ιο

115 985 211 1031 234
336 979 465 1027 Item
504 979 568 1027 ad
598 980 846 1027 tumorem
876 978 1074 1040 pedum.
1130 975 1392 1039 euphorbii
1428 1002 1488 1009 —
1526 975 1617 1039 111,
1657 975 1776 1023 salis
1808 990 1910 1024 sor-

226 1051 331 1100 didi
365 1079 433 1086 -—
466 1052 564 1116 HI,
619 1052 744 1114 picis
791 1051 1013 1114 liquidae
1060 1066 1184 1112 serp.
1217 1049 1341 1098 1111:
1398 1049 1564 1098 omnia
1618 1065 1722 1097 una
1768 1049 1909 1098 deco-

226 1140 348 1187 ques
403 1127 454 1173 et
506 1125 693 1173 tumori
747 1125 1076 1173 articulorum
1131 1123 1517 1186 superimpones.
1597 1138 1714 1172 sane
1763 1123 1807 1171 si
1860 1125 1911 1171 et

226 1199 367 1247 dolor
404 1198 457 1246 in
497 1198 723 1247 articulis
762 1201 813 1247 et
857 1198 1004 1262 urigo
1049 1197 1400 1261 permanserit,
1446 1197 1649 1259 prodest
1696 1198 1909 1246 stercore
2047 1232 2051 1235 -

223 1271 413 1321 bubulo
454 1272 692 1337 articulos
729 1271 942 1320 inlinire.
1006 1271 1217 1320 curabis.
1933 1282 1976 1315 15

113 1353 207 1398 235
335 1345 416 1393 Ad
468 1345 675 1394 detritas
728 1346 960 1410 ungulas.
1031 1347 1172 1394 aceto
1227 1344 1388 1393 calido
1434 1345 1680 1408 ungulam
1724 1345 1908 1408 foveto,

205 1419 398 1468 ‚deinde
429 1419 740 1467 marrubium
771 1436 887 1468 cum
916 1419 1074 1469 veteri
1105 1418 1325 1483 axungia
1356 1420 1407 1466 et
1436 1417 1625 1467 rustico
1659 1417 1907 1466 absinthio

223 1493 538 1557 permixtum,
577 1494 796 1558 ungulas
834 1493 1138 1555 perfricabis.
1200 1492 1481 1556 miraberiS,
1521 1494 1571 1540 et
1610 1492 1653 1540 si
1689 1491 1909 1541 volueris

224 1567 470 1630 ungulam
508 1567 734 1631 solidare,
773 1567 866 1616 hoc
903 1567 1229 1616 medicamine
1267 1567 1514 1630 ungulam
1550 1565 1832 1628 perfricato.

114 1646 209 1692 236
335 1640 415 1688 Ad
454 1641 783 1690 suffusionem
821 1641 873 1689 in
904 1657 1025 1703 rapo
1059 1641 1188 1703 equi.
1245 1640 1499 1689 decussem
1530 1640 1590 1689 de
1621 1640 1752 1689 ferro
1783 1632 1908 1688 facis
1933 1652 1977 1684 20

224 1713 311 1778 ita,
350 1715 411 1761 ut
449 1715 653 1779 sanguis
700 1717 865 1779 exeat,
906 1717 957 1763 et
1005 1714 1181 1762 nidum
1224 1714 1506 1762 hirundinis
1553 1714 1622 1763 sic
1667 1714 1810 1777 tolle,
1849 1715 1910 1762 ut

224 1787 440 1850 excipias
478 1805 540 1836 ne
578 1790 765 1837 terram
803 1789 1074 1852 contingat.
1145 1788 1278 1836 hunc
1323 1788 1376 1835 in
1430 1803 1563 1850 aqua
1612 1787 1820 1835 infunde
1859 1789 1910 1835 et

224 1862 441 1910 colatam
479 1862 685 1910 eandem
723 1878 909 1925 aquam
947 1879 1036 1925 per
1073 1862 1299 1910 triduum
1338 1861 1491 1910 dabis.
1553 1861 1825 1910 miraberis.

113 1942 204 1987 237
335 1935 415 1982 Ad
451 1935 694 1984 famicem.
757 1936 801 1983 si
838 1937 940 1984 iam
979 1938 1152 1998 aperta
1189 1936 1344 1984 fuerit
1386 1935 1557 1999 famix,
1595 1950 1753 1999 grana
1791 1934 1910 1983 salis
2059 1982 2060 1986 ,

224 2025 340 2057 cum
377 2010 516 2058 aceto
564 2011 765 2071 apertae
811 2011 1033 2074 ungulae
1081 2010 1338 2072 imponito.
1401 2010 1682 2057 furfuribus
1730 2009 1904 2058 calidis
1930 2020 1974 2053 25
2059 2021 2060 2052 ff

223 2083 468 2146 ungulam
505 2083 673 2132 foveto
713 2086 764 2132 et
801 2087 916 2146 post
954 2084 1193 2148 triduum,
1233 2084 1276 2132 si
1313 2084 1415 2131 iam
1452 2100 1599 2133 umor
1636 2083 1788 2132 fluere
1827 2083 1908 2132 de-

225 2156 388 2220 sierit,
430 2157 630 2204 alumen
677 2157 886 2206 scissum
931 2174 1046 2206 cum
1092 2158 1315 2221 sinopide
1363 2160 1413 2207 et
1459 2159 1599 2206 aceto
1648 2157 1909 2206 commisce
1990 2210 1993 2214 ,

224 2232 275 2278 et
312 2247 453 2292 pone.
517 2246 631 2279 cum
675 2232 842 2281 fervor
889 2232 1155 2296 quieverit,
1202 2232 1464 2295 porcinum
1509 2233 1762 2280 veretrum
1799 2231 1907 2280 loco

225 2305 426 2365 apertae
457 2305 677 2368 ungulae
710 2306 1000 2354 destillabis.
1071 2322 1187 2354 cum
1216 2322 1316 2355 non
1347 2305 1717 2369 claudicaverit,
1758 2305 1908 2354 solvis

224 2378 274 2424 et
311 2377 649 2426 bituminabis.
1932 2390 1976 2423 30

344 2610 366 2648 1
399 2605 573 2662 ungule
605 2606 839 2650 crescrant
872 2608 879 2661 Ι
915 2605 947 2665 <
975 2606 1007 2664 >
1044 2619 1100 2651 ex
1139 2606 1197 2650 H
1229 2606 1443 2664 expleviss
1472 2611 1498 2651 3
1539 2607 1867 2663 manuplenam
1894 2607 1910 2667 Η

221 2668 250 2706 4
281 2663 490 2719 quotidie
513 2665 529 2721 ss
553 2667 579 2708 5
612 2663 769 2708 ozinas
793 2667 808 2718 ΙΙ
832 2669 858 2708 9
890 2664 1075 2720 inponis
1099 2666 1115 2722 ss
1142 2670 1193 2708 11
1235 2665 1415 2709 euforbi
1449 2690 1503 2698 -—
1529 2664 1594 2707 III
1624 2665 1670 2710 R
1737 2666 1908 2721 εὐφορ-

223 2723 326 2781 βιόυ
351 2730 405 2779 γό
433 2723 481 2783 β’
498 2724 609 2767 ΗΡ
629 2725 644 2781 ΙΙ
671 2722 866 2767 12-ΙΙΙ
882 2723 928 2767 R
971 2730 1025 2780 γό
1052 2723 1099 2767 δ’
1120 2724 1227 2768 ΗΡ
1244 2726 1260 2780 ΙΙ
1284 2728 1338 2768 13
1356 2724 1645 2768 araculorum
1671 2726 1686 2779 ΙΙ
1712 2729 1766 2768 14
1785 2726 1906 2769 auri-

221 2781 338 2824 culis
365 2783 374 2838 Ι
401 2783 558 2838 turigo
593 2785 608 2839 ΙΙ
634 2788 688 2827 16
729 2781 927 2826 detritus
956 2785 963 2839 Ι
998 2782 1171 2828 callido
1201 2783 1217 2839 n
1244 2788 1297 2827 17
1338 2781 1544 2827 rusticho
1568 2784 1584 2840 ss
1619 2788 1672 2827 18
1715 2783 1906 2828 mirabi-

222 2838 285 2883 ris
315 2841 330 2896 ΙΙ
362 2845 419 2884 20
452 2840 589 2886 decus
611 2843 627 2899 ΙΙ
651 2846 706 2886 21
737 2841 1012 2898 hyrundinis
1036 2842 1051 2898 ΙΙ
1075 2847 1130 2886 23
1156 2840 1388 2885 mirabitis
1412 2844 1427 2898 [1
1451 2847 1508 2885 24
1538 2842 1653 2900 iam]
1688 2844 1786 2887 tam
1809 2843 1824 2898 ΙΙ
1850 2848 1904 2887 25

222 2898 406 2943 callidis
438 2901 611 2957 ungule
633 2903 650 2958 ΙΙ
674 2904 730 2945 28
762 2901 944 2946 feruore
969 2903 984 2958 ΙΙ
1008 2905 1064 2946 30
1097 2901 1401 2945 uituminabis
