2060 3232
770 145 1132 198 —75—

109 280 217 342 sopi
259 307 325 313 —
366 280 440 344 II,
486 279 666 327 herbae
718 279 969 329 chironiae
1002 307 1072 314 —
1110 281 1183 345 H,
1229 281 1318 328 iris
1363 281 1595 344 Illyricae
1632 310 1694 317 —
1730 283 1796 347 II,

108 354 270 403 casiae
302 353 502 401 fistulae
533 379 595 386 —
623 352 689 417 H,
721 354 974 402 tracanthi
1002 381 1067 387 —
1093 355 1158 419 H,
1194 354 1424 403 abrotoni
1448 382 1518 388 —-
1543 356 1634 419 III,
1666 373 1796 405 mar-

104 428 237 476 rubii
274 426 485 475 masculi
523 426 651 474 aridi
685 453 747 460 -
783 425 848 491 II,
889 427 1086 476 strobili
1123 428 1297 478 viridis
1334 455 1397 462 —-
1432 429 1505 476 H:
1544 431 1694 478 tunsa
1725 431 1798 478 di-

105 501 319 566 ligenter
358 503 409 549 et
445 516 592 563 passo
633 500 856 550 admixta
893 501 1125 550 faucibus
1164 502 1430 551 infundito.

63 699 85 732 5
305 692 441 740 XIII.
505 693 585 740 De
625 692 890 754 hydrope
929 693 1025 741 vel
1064 693 1133 742 de
1172 694 1594 757 tympanitico.

390 794 818 843 PELAGONIVS
857 795 1190 845 FESTIANO
1233 796 1358 845 sVO
1397 797 1513 844 AIT

216 898 389 961 Equos
411 898 634 960 hydrope
665 898 954 960 frequenter
983 899 1154 947 vexari
1186 902 1237 947 et
1268 900 1558 949 contrahere
1590 900 1799 948 eandem
1817 904 1913 950 210

106 972 389 1035 passionem
426 988 526 1020 non
565 971 795 1020 omnibus
835 974 1013 1020 notum
1052 976 1140 1037 est,
1174 973 1263 1035 qui
1295 974 1474 1022 erroris
1514 974 1804 1036 frequenter

108 1046 324 1094 subeunt
362 1046 585 1107 culpam:
623 1060 742 1093 nam
781 1061 895 1094 cum
934 1062 1093 1108 equus
1131 1047 1353 1130 hydrope
1393 1050 1641 1112 teneatur,
1680 1051 1802 1096 tunc

0 1131 2 1133 ’
43 1127 86 1159 10
113 1122 204 1169 3111
248 1119 605 1183 pinguedinem
658 1121 749 1167 aut
794 1119 1104 1168 inflationem
1157 1121 1376 1183 corporis
1430 1123 1641 1184 putant·
1688 1138 1804 1170 cum

114 1193 362 1257 splenicus
395 1195 472 1241 est
496 1196 546 1241 et
575 1195 751 1241 venter
780 1193 1025 1257 increscit,
1058 1196 1293 1242 naturam
1325 1195 1545 1277 corporis
1585 1197 1800 1258 sperant.

112 1269 164 1316 in
202 1268 264 1315 iis
316 1269 487 1315 autem
540 1266 628 1329 qui
673 1267 894 1329 hydrope
940 1270 1276 1331 temptantur,
1325 1268 1469 1332 signa
1514 1269 1803 1318 huiusmodi

22 1380 32 1390 1
114 1344 244 1390 sunt.
306 1343 482 1390 venter
519 1340 696 1389 crescit
733 1356 849 1389 cum
887 1341 1096 1405 duritia,
1145 1358 1292 1390 crura
1330 1342 1602 1391 tumidiora
1649 1358 1804 1405 appa-

113 1418 239 1479 rent,
280 1417 331 1463 et
370 1431 485 1462 cum
523 1430 710 1476 equum
756 1430 952 1463 currere
998 1415 1238 1479 volueris,
1287 1418 1430 1464 actus
1483 1432 1583 1464 non
1621 1418 1803 1479 potest,

48 1494 91 1527 15
116 1490 202 1539 sed
240 1488 516 1537 suffocatur
555 1491 606 1535 et
638 1490 944 1552 angustatur
973 1489 1181 1550 spiritus
1212 1505 1301 1537 nec
1334 1489 1590 1537 ambulare
1622 1491 1801 1551 potest.

115 1564 200 1611 ille
256 1564 426 1610 autem
481 1562 570 1624 qui
632 1562 882 1624 splenicus
945 1564 1048 1626 est,
1102 1564 1329 1611 ventrem
1381 1563 1486 1611 sine
1541 1563 1804 1611 intellectu

113 1637 353 1685 maiorem
390 1636 534 1699 gerit,
575 1637 626 1683 et
664 1651 779 1683 cum
817 1638 1085 1700 exercetur,
1127 1638 1379 1685 sternutat
1421 1638 1709 1699 frequenter
1755 1639 1806 1684 et

114 1713 268 1773 caput
307 1710 475 1759 dolore
513 1709 622 1771 ipso
662 1709 832 1758 iactat.
894 1710 947 1757 in
985 1710 1315 1773 tympanitico
1357 1711 1458 1758 alia
1497 1711 1641 1775 signa
1673 1713 1804 1758 sunt.

114 1786 290 1834 venter
328 1783 531 1846 quidem
569 1783 746 1832 crescit
785 1786 836 1832 et
872 1783 994 1831 iuba
1033 1786 1084 1832 61
1122 1784 1288 1833 cervix
1317 1784 1483 1848 rigida
1515 1786 1591 1833 est
1630 1787 1680 1832 61
1710 1784 1807 1832 fre-

50 1864 94 1896 20
118 1860 329 1922 quenter
367 1857 520 1905 etiam
560 1857 844 1906 extensione
882 1858 993 1920 ipsa
1040 1860 1090 1906 et
1136 1861 1331 1907 tumore
1377 1854 1808 1921 intestin<or>um

115 1949 204 1995 per
255 1933 480 1980 meatum
533 1931 762 1980 stercoris
821 1932 1090 1994 rumpitur.
1162 1932 1345 1995 quibus
1397 1932 1521 1980 haec
1574 1932 1806 1994 prodesse

117 2022 245 2069 quae
285 2005 592 2054 ostendimus
624 2005 958 2054 certissimum
997 2007 1085 2054 est.

227 2079 308 2127 Ad
344 2079 630 2141 hydropem.
694 2079 756 2127 ab
795 2079 1032 2128 umbilico
1073 2080 1137 2127 ad
1181 2082 1356 2141 pectus
1403 2094 1617 2143 versum,
1667 2095 1802 2127 men·
1821 2079 1915 2125 211

118 2169 236 2201 sura
292 2152 465 2216 digitis
519 2152 714 2200 duobus
762 2153 829 2200 sit
882 2153 977 2200 tibi
1031 2153 1305 2217 subtiliter,
1370 2155 1546 2201 contra
1599 2169 1700 2201 non
1753 2153 1807 2199 in

52 2232 98 2264 25
120 2229 291 2291 latere,
332 2226 520 2290 sagitta
559 2227 762 2288 percute
803 2228 854 2274 et
891 2226 1115 2274 fistulam
1152 2243 1303 2290 pone,
1342 2243 1432 2288 per
1470 2242 1624 2288 quam
1661 2242 1809 2274 umor

122 2303 292 2350 currat
330 2302 421 2348 aut
459 2316 613 2362 aqua,
662 2316 791 2361 quae
828 2300 1159 2362 hydropicum
1202 2300 1340 2348 facit.
1403 2316 1599 2348 currere
1639 2301 1810 2347 autem

124 2375 270 2423 debet
313 2390 459 2422 umor
499 2374 563 2421 ad
609 2373 849 2422 sextarios
880 2374 1004 2438 IIII,
1044 2375 1125 2422 vel
1165 2374 1208 2421 si
1247 2375 1363 2436 plus
1394 2373 1654 2437 tumuerit,
1693 2373 1809 2435 plus

123 2449 259 2498 tolle.
330 2463 447 2495 sane
495 2447 565 2496 sic
610 2447 893 2496 iumentum
936 2448 1061 2511 liga,
1111 2448 1355 2511 quamdiu
1398 2448 1654 2496 fracescat.
1731 2446 1812 2494 uti

126 2523 272 2571 debes
303 2521 591 2583 potionibus
622 2521 698 2585 iis,
732 2537 860 2583 quae
892 2522 1092 2569 urinam
1122 2524 1370 2585 moveant,
1411 2521 1609 2569 assidue
1642 2522 1812 2568 autem

59 2602 102 2634 ³0
126 2599 177 2645 et
214 2596 391 2644 fricare
431 2595 576 2643 debes
616 2598 667 2643 61
706 2595 884 2643 sudare
923 2595 1081 2644 debet.
1143 2613 1233 2658 pro
1282 2596 1391 2645 cibo
1438 2610 1644 2659 gramen
1683 2593 1809 2642 acci-

247 2771 270 2809 1
303 2764 417 2810 **is
449 2764 631 2821 illyrice
677 2768 692 2823 ΙΙ
735 2770 761 2810 2
814 2764 993 2810 cassiae
1032 2768 1039 2820 Ι
1076 2765 1280 2810 tracanti
1317 2766 1324 2821 Ι
1362 2762 1616 2808 habrotoni
1650 2764 1657 2819 Ι
1691 2776 1812 2807 11131·-

126 2825 231 2868 rubi
260 2824 306 2868 R
352 2823 564 2882 (λιβάνου
596 2825 709 2880 ΗΡ)
740 2826 755 2882 ΙΙ
781 2830 806 2869 7
838 2823 1071 2881 hydropes
1095 2826 1110 2879 ΙΙ
1137 2829 1190 2868 12
1229 2824 1301 2867 his
1325 2825 1340 2879 ss
1367 2828 1421 2867 18
1452 2822 1773 2888 tympanctico
1797 2821 1813 2880 Η

128 2888 183 2927 21
215 2882 302 2927 1166
336 2883 352 2939 ΙΙ
382 2889 437 2927 22
470 2897 558 2939 que
593 2884 608 2940 ΙΙ
648 2888 704 2928 23
736 2897 999 2927 mensuram
1037 2885 1052 2940 ΙΙ
1091 2889 1148 2927 24
1181 2882 1222 2927 si
1251 2882 1341 2926 tibi
1373 2881 1544 2926 subtitr
1574 2879 1812 2939 (subtilior

128 2941 307 2998 Sarch.)
332 2942 348 2998 ΙΙ
377 2946 434 2986 27
465 2942 632 2987 humor
658 2943 666 2999 Ι
694 2943 801 2987 sest.
826 2944 842 3000 ΙΙ
865 2947 921 2987 29
953 2942 1026 2987 his
1061 2956 1151 2998 que
1174 2944 1190 2998 ΙΙ
1214 2945 1271 2985 30
1300 2940 1474 2997 frigare
