<?xml version="1.0" encoding="UTF-8"?>
<!DOCTYPE html PUBLIC "-//W3C//DTD XHTML 1.0 Transitional//EN"
    "http://www.w3.org/TR/xhtml1/DTD/xhtml1-transitional.dtd">
<html xmlns="http://www.w3.org/1999/xhtml" xml:lang="en" lang="en">
 <head>
  <title>
</title>
<meta http-equiv="Content-Type" content="text/html;charset=utf-8" />
  <meta name='ocr-system' content='tesseract 3.04.00' />
  <meta name='ocr-capabilities' content='ocr_page ocr_carea ocr_par ocr_line ocrx_word'/>
</head>
<body>
  <div class='ocr_page' id='page_1' title='image "artisveterinaria00pelauoft_0135.png"; bbox 0 0 2060 3232; ppageno 0'>
   <div class='ocr_carea' id='block_1_1' title="bbox 818 104 1219 157">
    <p class='ocr_par' dir='ltr' id='par_1_1' title="bbox 818 104 1219 157">
     <span class='ocr_line' id='line_1_1' title="bbox 818 104 1219 157; baseline 0 0"><span class='ocrx_word' id='word_1_1' title='bbox 818 104 1219 157; x_wconf 81' lang='lat'>-129—</span> 
     </span>
    </p>
   </div>
   <div class='ocr_carea' id='block_1_2' title="bbox 110 234 1983 2229">
    <p class='ocr_par' dir='ltr' id='par_1_2' title="bbox 178 234 1983 527">
     <span class='ocr_line' id='line_1_2' title="bbox 290 234 1983 309; baseline -0.001 -19"><span class='ocrx_word' id='word_1_2' title='bbox 290 243 350 290; x_wconf 89' lang='lat' dir='ltr'><em>H</em></span> <span class='ocrx_word' id='word_1_3' title='bbox 384 244 454 292; x_wconf 88' lang='grc'>50</span> <span class='ocrx_word' id='word_1_4' title='bbox 502 235 596 309; x_wconf 86' lang='lat'>(=</span> <span class='ocrx_word' id='word_1_5' title='bbox 629 242 695 289; x_wconf 88' lang='lat' dir='ltr'><em>M</em></span> <span class='ocrx_word' id='word_1_6' title='bbox 725 244 792 290; x_wconf 87' lang='grc'>66</span> <span class='ocrx_word' id='word_1_7' title='bbox 833 234 986 307; x_wconf 77' lang='grc' dir='ltr'>υιγ’);</span> <span class='ocrx_word' id='word_1_8' title='bbox 1039 237 1239 289; x_wconf 82' lang='grc' dir='ltr'><strong><em>Βέλτιον</em></strong></span> <span class='ocrx_word' id='word_1_9' title='bbox 1291 236 1345 288; x_wconf 80' lang='grc' dir='ltr'>δὲ</span> <span class='ocrx_word' id='word_1_10' title='bbox 1398 239 1443 289; x_wconf 83' lang='grc' dir='ltr'>εἰ</span> <span class='ocrx_word' id='word_1_11' title='bbox 1490 239 1581 305; x_wconf 86' lang='grc' dir='ltr'>τὴν</span> <span class='ocrx_word' id='word_1_12' title='bbox 1634 240 1868 293; x_wconf 69' lang='grc' dir='ltr'><strong><em>ἄκανθαν</em></strong></span> <span class='ocrx_word' id='word_1_13' title='bbox 1885 243 1983 289; x_wconf 77' lang='grc'>489</span> 
     </span>
     <span class='ocr_line' id='line_1_3' title="bbox 178 310 1868 381; baseline 0.001 -16"><span class='ocrx_word' id='word_1_14' title='bbox 178 315 367 375; x_wconf 79' lang='grc' dir='ltr'><strong><em>καύσας</em></strong></span> <span class='ocrx_word' id='word_1_15' title='bbox 405 314 782 381; x_wconf 77' lang='grc' dir='ltr'><strong><em>ἀποτεφρώσεις,</em></strong></span> <span class='ocrx_word' id='word_1_16' title='bbox 819 312 903 362; x_wconf 83' lang='grc' dir='ltr'>καὶ</span> <span class='ocrx_word' id='word_1_17' title='bbox 934 311 1040 378; x_wconf 85' lang='grc' dir='ltr'><em>μέλι</em></span> <span class='ocrx_word' id='word_1_18' title='bbox 1065 310 1283 362; x_wconf 84' lang='grc' dir='ltr'><strong><em>Ἀττικὸν</em></strong></span> <span class='ocrx_word' id='word_1_19' title='bbox 1313 311 1560 378; x_wconf 75' lang='grc' dir='ltr'><strong><em>ἐπιβαλὼν</em></strong></span> <span class='ocrx_word' id='word_1_20' title='bbox 1591 315 1674 365; x_wconf 80' lang='grc' dir='ltr'>καὶ</span> <span class='ocrx_word' id='word_1_21' title='bbox 1705 316 1868 367; x_wconf 74' lang='grc' dir='ltr'><strong><em>ἔλαιον</em></strong></span> 
     </span>
     <span class='ocr_line' id='line_1_4' title="bbox 178 384 1867 455; baseline 0.001 -17"><span class='ocrx_word' id='word_1_22' title='bbox 178 396 275 454; x_wconf 83' lang='grc' dir='ltr'>χρῶ</span> <span class='ocrx_word' id='word_1_23' title='bbox 313 387 437 455; x_wconf 82' lang='grc' dir='ltr'><strong><em>πρὸς</em></strong></span> <span class='ocrx_word' id='word_1_24' title='bbox 481 395 583 437; x_wconf 82' lang='grc' dir='ltr'>πᾶν</span> <span class='ocrx_word' id='word_1_25' title='bbox 630 385 896 452; x_wconf 84' lang='grc' dir='ltr'><em>ὀφθαλμοῦ</em></span> <span class='ocrx_word' id='word_1_26' title='bbox 942 387 1123 446; x_wconf 81' lang='grc' dir='ltr'><strong><em>πάθος.</em></strong></span> <span class='ocrx_word' id='word_1_27' title='bbox 1191 384 1225 451; x_wconf 74' lang='grc' dir='ltr'><strong>ἢ</strong></span> <span class='ocrx_word' id='word_1_28' title='bbox 1272 384 1517 453; x_wconf 83' lang='grc' dir='ltr'><strong><em>πεπέρεως</em></strong></span> <span class='ocrx_word' id='word_1_29' title='bbox 1565 392 1742 439; x_wconf 80' lang='grc' dir='ltr'><strong><em>λευκοῦ</em></strong></span> <span class='ocrx_word' id='word_1_30' title='bbox 1781 390 1867 440; x_wconf 87' lang='grc' dir='ltr'>τὸν</span> 
     </span>
     <span class='ocr_line' id='line_1_5' title="bbox 179 458 1870 527; baseline 0.001 -16"><span class='ocrx_word' id='word_1_31' title='bbox 179 463 289 512; x_wconf 86' lang='grc' dir='ltr'><em>ἴσον</em></span> <span class='ocrx_word' id='word_1_32' title='bbox 343 460 566 526; x_wconf 81' lang='grc' dir='ltr'>σταθμὸν</span> <span class='ocrx_word' id='word_1_33' title='bbox 620 460 739 527; x_wconf 80' lang='grc' dir='ltr'><em>μετὰ</em></span> <span class='ocrx_word' id='word_1_34' title='bbox 786 460 993 520; x_wconf 83' lang='grc' dir='ltr'><strong><em>σποδιᾶς</em></strong></span> <span class='ocrx_word' id='word_1_35' title='bbox 1046 464 1223 525; x_wconf 80' lang='grc' dir='ltr'><strong><em>λευκῆς</em></strong></span> <span class='ocrx_word' id='word_1_36' title='bbox 1276 458 1506 525; x_wconf 82' lang='grc' dir='ltr'><em>ἀκάνθης</em></span> <span class='ocrx_word' id='word_1_37' title='bbox 1550 461 1634 511; x_wconf 87' lang='grc' dir='ltr'>καὶ</span> <span class='ocrx_word' id='word_1_38' title='bbox 1681 461 1870 527; x_wconf 82' lang='grc' dir='ltr'><em>μέλιτος</em></span> 
     </span>
    </p>

    <p class='ocr_par' dir='ltr' id='par_1_3' title="bbox 132 532 1346 604">
     <span class='ocr_line' id='line_1_6' title="bbox 132 532 1346 604; baseline -0.001 -20"><span class='ocrx_word' id='word_1_39' title='bbox 132 551 157 584; x_wconf 79' lang='lat'>5</span> <span class='ocrx_word' id='word_1_40' title='bbox 181 535 324 601; x_wconf 81' lang='grc' dir='ltr'><strong><em>μίξας</em></strong></span> <span class='ocrx_word' id='word_1_41' title='bbox 360 539 519 604; x_wconf 79' lang='grc' dir='ltr'><strong><em>πτερῷ</em></strong></span> <span class='ocrx_word' id='word_1_42' title='bbox 557 534 644 585; x_wconf 87' lang='grc' dir='ltr'>τὸν</span> <span class='ocrx_word' id='word_1_43' title='bbox 682 532 949 599; x_wconf 83' lang='grc' dir='ltr'>ὀφθαλμὸν</span> <span class='ocrx_word' id='word_1_44' title='bbox 986 532 1181 601; x_wconf 76' lang='grc' dir='ltr'><strong><em>ἔπίχριε.</em></strong></span> <span class='ocrx_word' id='word_1_45' title='bbox 1343 574 1346 576; x_wconf 82' lang='grc'>-</span> 
     </span>
    </p>

    <p class='ocr_par' dir='ltr' id='par_1_4' title="bbox 178 609 1982 894">
     <span class='ocr_line' id='line_1_7' title="bbox 301 609 1982 673; baseline 0.001 -14"><span class='ocrx_word' id='word_1_46' title='bbox 301 611 454 671; x_wconf 72' lang='lat' dir='ltr'><strong><em>Veyet.</em></strong></span> <span class='ocrx_word' id='word_1_47' title='bbox 490 611 579 666; x_wconf 87' lang='lat' dir='ltr'>VI,</span> <span class='ocrx_word' id='word_1_48' title='bbox 603 613 688 671; x_wconf 78' lang='lat'>27,</span> <span class='ocrx_word' id='word_1_49' title='bbox 714 612 773 658; x_wconf 85' lang='lat'>3:</span> <span class='ocrx_word' id='word_1_50' title='bbox 810 609 1113 673; x_wconf 89' lang='lat' dir='ltr'>Pelagonius</span> <span class='ocrx_word' id='word_1_51' title='bbox 1152 610 1254 658; x_wconf 90' lang='lat' dir='ltr'>tale</span> <span class='ocrx_word' id='word_1_52' title='bbox 1294 610 1560 672; x_wconf 79' lang='lat' dir='ltr'>collyrium</span> <span class='ocrx_word' id='word_1_53' title='bbox 1597 609 1982 660; x_wconf 74' lang='lat' dir='ltr'>monstratz490</span> 
     </span>
     <span class='ocr_line' id='line_1_8' title="bbox 178 683 1869 749; baseline 0.001 -17"><span class='ocrx_word' id='word_1_54' title='bbox 178 684 370 746; x_wconf 88' lang='lat' dir='ltr'>pariter</span> <span class='ocrx_word' id='word_1_55' title='bbox 408 685 586 748; x_wconf 89' lang='lat' dir='ltr'>oleum,</span> <span class='ocrx_word' id='word_1_56' title='bbox 627 685 715 748; x_wconf 87' lang='lat' dir='ltr'>sal,</span> <span class='ocrx_word' id='word_1_57' title='bbox 753 684 1016 748; x_wconf 83' lang='lat' dir='ltr'>butyrum,</span> <span class='ocrx_word' id='word_1_58' title='bbox 1063 683 1300 748; x_wconf 83' lang='lat' dir='ltr'>resinam,</span> <span class='ocrx_word' id='word_1_59' title='bbox 1348 700 1617 749; x_wconf 82' lang='lat' dir='ltr'>cerussam,</span> <span class='ocrx_word' id='word_1_60' title='bbox 1666 686 1869 748; x_wconf 89' lang='lat' dir='ltr'>opobal-</span> 
     </span>
     <span class='ocr_line' id='line_1_9' title="bbox 179 757 1869 822; baseline 0.001 -16"><span class='ocrx_word' id='word_1_61' title='bbox 179 773 390 822; x_wconf 83' lang='lat' dir='ltr'>samum,</span> <span class='ocrx_word' id='word_1_62' title='bbox 432 758 602 806; x_wconf 87' lang='lat' dir='ltr'>addito</span> <span class='ocrx_word' id='word_1_63' title='bbox 641 759 788 806; x_wconf 90' lang='lat' dir='ltr'>melle</span> <span class='ocrx_word' id='word_1_64' title='bbox 837 757 1019 806; x_wconf 86' lang='lat' dir='ltr'>deteris</span> <span class='ocrx_word' id='word_1_65' title='bbox 1066 760 1218 820; x_wconf 89' lang='lat' dir='ltr'>atque</span> <span class='ocrx_word' id='word_1_66' title='bbox 1266 759 1520 820; x_wconf 91' lang='lat' dir='ltr'>componis</span> <span class='ocrx_word' id='word_1_67' title='bbox 1567 761 1618 807; x_wconf 89' lang='lat' dir='ltr'>et</span> <span class='ocrx_word' id='word_1_68' title='bbox 1663 760 1869 808; x_wconf 73' lang='lat' dir='ltr'>alternis</span> 
     </span>
     <span class='ocr_line' id='line_1_10' title="bbox 178 831 1205 894; baseline -0.002 -14"><span class='ocrx_word' id='word_1_69' title='bbox 178 832 351 881; x_wconf 90' lang='lat' dir='ltr'>diebus</span> <span class='ocrx_word' id='word_1_70' title='bbox 389 832 583 880; x_wconf 85' lang='lat' dir='ltr'>inducis</span> <span class='ocrx_word' id='word_1_71' title='bbox 621 847 781 894; x_wconf 90' lang='lat' dir='ltr'>usque</span> <span class='ocrx_word' id='word_1_72' title='bbox 821 832 886 879; x_wconf 90' lang='lat' dir='ltr'>ad</span> <span class='ocrx_word' id='word_1_73' title='bbox 924 831 1205 879; x_wconf 86' lang='lat' dir='ltr'>sanitatem.</span> 
     </span>
    </p>

    <p class='ocr_par' dir='ltr' id='par_1_5' title="bbox 111 904 1980 1266">
     <span class='ocr_line' id='line_1_11' title="bbox 111 904 1980 969; baseline -0.001 -18"><span class='ocrx_word' id='word_1_74' title='bbox 111 918 156 951; x_wconf 80' lang='grc' dir='ltr'>ιο</span> <span class='ocrx_word' id='word_1_75' title='bbox 302 906 454 968; x_wconf 76' lang='lat' dir='ltr'>Veyet.</span> <span class='ocrx_word' id='word_1_76' title='bbox 490 906 580 960; x_wconf 90' lang='lat' dir='ltr'>VI,</span> <span class='ocrx_word' id='word_1_77' title='bbox 607 907 687 961; x_wconf 79' lang='lat'>14,</span> <span class='ocrx_word' id='word_1_78' title='bbox 711 908 762 955; x_wconf 76' lang='lat'>2.</span> <span class='ocrx_word' id='word_1_79' title='bbox 787 906 846 952; x_wconf 87' lang='lat'>3:</span> <span class='ocrx_word' id='word_1_80' title='bbox 883 905 1186 969; x_wconf 89' lang='lat' dir='ltr'>Pelagonius</span> <span class='ocrx_word' id='word_1_81' title='bbox 1227 906 1505 954; x_wconf 85' lang='lat' dir='ltr'>causticum</span> <span class='ocrx_word' id='word_1_82' title='bbox 1537 907 1671 969; x_wconf 91' lang='lat' dir='ltr'>quod</span> <span class='ocrx_word' id='word_1_83' title='bbox 1710 908 1869 955; x_wconf 85' lang='lat' dir='ltr'>suffu-</span> <span class='ocrx_word' id='word_1_84' title='bbox 1885 904 1980 950; x_wconf 76' lang='lat'>491</span> 
     </span>
     <span class='ocr_line' id='line_1_12' title="bbox 180 979 1870 1045; baseline 0.001 -17"><span class='ocrx_word' id='word_1_85' title='bbox 180 980 342 1029; x_wconf 89' lang='lat' dir='ltr'>siones</span> <span class='ocrx_word' id='word_1_86' title='bbox 395 979 684 1042; x_wconf 86' lang='lat' dir='ltr'>vesicasque</span> <span class='ocrx_word' id='word_1_87' title='bbox 739 979 948 1028; x_wconf 73' lang='lat' dir='ltr'>siccaret</span> <span class='ocrx_word' id='word_1_88' title='bbox 991 979 1044 1026; x_wconf 91' lang='lat' dir='ltr'>in</span> <span class='ocrx_word' id='word_1_89' title='bbox 1090 979 1300 1044; x_wconf 85' lang='lat' dir='ltr'>genibus</span> <span class='ocrx_word' id='word_1_90' title='bbox 1345 981 1427 1029; x_wconf 84' lang='lat' dir='ltr'>vel</span> <span class='ocrx_word' id='word_1_91' title='bbox 1481 981 1728 1045; x_wconf 84' lang='lat' dir='ltr'>articuliS,</span> <span class='ocrx_word' id='word_1_92' title='bbox 1776 982 1870 1030; x_wconf 86' lang='lat' dir='ltr'>hac</span> 
     </span>
     <span class='ocr_line' id='line_1_13' title="bbox 177 1052 1869 1118; baseline 0.001 -17"><span class='ocrx_word' id='word_1_93' title='bbox 177 1054 372 1102; x_wconf 88' lang='lat' dir='ltr'>ratione</span> <span class='ocrx_word' id='word_1_94' title='bbox 412 1053 704 1116; x_wconf 71' lang='lat' dir='ltr'>composuit.</span> <span class='ocrx_word' id='word_1_95' title='bbox 767 1068 907 1102; x_wconf 87' lang='lat' dir='ltr'>cerae</span> <span class='ocrx_word' id='word_1_96' title='bbox 945 1052 1165 1102; x_wconf 87' lang='lat' dir='ltr'>Punicae</span> <span class='ocrx_word' id='word_1_97' title='bbox 1197 1054 1392 1118; x_wconf 89' lang='lat' dir='ltr'>libram,</span> <span class='ocrx_word' id='word_1_98' title='bbox 1423 1055 1617 1103; x_wconf 89' lang='lat' dir='ltr'>resinae</span> <span class='ocrx_word' id='word_1_99' title='bbox 1648 1056 1869 1117; x_wconf 90' lang='lat' dir='ltr'>pondera</span> 
     </span>
     <span class='ocr_line' id='line_1_14' title="bbox 178 1127 1868 1192; baseline 0.001 -16"><span class='ocrx_word' id='word_1_100' title='bbox 178 1128 276 1176; x_wconf 92' lang='lat' dir='ltr'>duo</span> <span class='ocrx_word' id='word_1_101' title='bbox 317 1129 368 1176; x_wconf 90' lang='lat' dir='ltr'>et</span> <span class='ocrx_word' id='word_1_102' title='bbox 408 1127 568 1191; x_wconf 89' lang='lat' dir='ltr'>semis,</span> <span class='ocrx_word' id='word_1_103' title='bbox 608 1127 814 1191; x_wconf 85' lang='lat' dir='ltr'>galbani</span> <span class='ocrx_word' id='word_1_104' title='bbox 851 1127 1025 1175; x_wconf 90' lang='lat' dir='ltr'>uncias</span> <span class='ocrx_word' id='word_1_105' title='bbox 1070 1129 1194 1191; x_wconf 89' lang='lat' dir='ltr'>tres,</span> <span class='ocrx_word' id='word_1_106' title='bbox 1243 1128 1463 1190; x_wconf 86' lang='lat' dir='ltr'>asphalti</span> <span class='ocrx_word' id='word_1_107' title='bbox 1506 1128 1702 1177; x_wconf 91' lang='lat' dir='ltr'>Iudaici</span> <span class='ocrx_word' id='word_1_108' title='bbox 1746 1146 1868 1192; x_wconf 89' lang='lat' dir='ltr'>pon-</span> 
     </span>
     <span class='ocr_line' id='line_1_15' title="bbox 177 1201 1870 1266; baseline 0.001 -16"><span class='ocrx_word' id='word_1_109' title='bbox 177 1201 296 1250; x_wconf 90' lang='lat' dir='ltr'>dera</span> <span class='ocrx_word' id='word_1_110' title='bbox 327 1201 440 1266; x_wconf 93' lang='lat' dir='ltr'>duo,</span> <span class='ocrx_word' id='word_1_111' title='bbox 479 1217 678 1249; x_wconf 89' lang='lat' dir='ltr'>murrae</span> <span class='ocrx_word' id='word_1_112' title='bbox 722 1201 1041 1250; x_wconf 86' lang='lat' dir='ltr'>secundariae</span> <span class='ocrx_word' id='word_1_113' title='bbox 1073 1202 1294 1264; x_wconf 91' lang='lat' dir='ltr'>pondera</span> <span class='ocrx_word' id='word_1_114' title='bbox 1325 1202 1438 1266; x_wconf 92' lang='lat' dir='ltr'>duo,</span> <span class='ocrx_word' id='word_1_115' title='bbox 1470 1202 1594 1251; x_wconf 82' lang='lat' dir='ltr'>visci</span> <span class='ocrx_word' id='word_1_116' title='bbox 1627 1202 1870 1265; x_wconf 85' lang='lat' dir='ltr'>Campani</span> 
     </span>
    </p>

    <p class='ocr_par' dir='ltr' id='par_1_6' title="bbox 112 1275 1871 1637">
     <span class='ocr_line' id='line_1_16' title="bbox 112 1275 1867 1339; baseline 0.003 -18"><span class='ocrx_word' id='word_1_117' title='bbox 112 1288 155 1321; x_wconf 82' lang='lat'>15</span> <span class='ocrx_word' id='word_1_118' title='bbox 177 1275 397 1338; x_wconf 91' lang='lat' dir='ltr'>pondera</span> <span class='ocrx_word' id='word_1_119' title='bbox 443 1276 564 1339; x_wconf 94' lang='lat' dir='ltr'>duo,</span> <span class='ocrx_word' id='word_1_120' title='bbox 611 1275 946 1324; x_wconf 91' lang='lat' dir='ltr'>hammoniaci</span> <span class='ocrx_word' id='word_1_121' title='bbox 991 1275 1165 1324; x_wconf 90' lang='lat' dir='ltr'>uncias</span> <span class='ocrx_word' id='word_1_122' title='bbox 1212 1291 1316 1339; x_wconf 82' lang='lat' dir='ltr'>sex,</span> <span class='ocrx_word' id='word_1_123' title='bbox 1372 1275 1498 1324; x_wconf 90' lang='lat' dir='ltr'>costi</span> <span class='ocrx_word' id='word_1_124' title='bbox 1549 1276 1723 1325; x_wconf 91' lang='lat' dir='ltr'>uncias</span> <span class='ocrx_word' id='word_1_125' title='bbox 1771 1294 1867 1326; x_wconf 85' lang='lat' dir='ltr'>sex.</span> 
     </span>
     <span class='ocr_line' id='line_1_17' title="bbox 176 1349 1871 1415; baseline 0 -16"><span class='ocrx_word' id='word_1_126' title='bbox 176 1366 354 1399; x_wconf 85' lang='lat' dir='ltr'>verum</span> <span class='ocrx_word' id='word_1_127' title='bbox 400 1351 564 1398; x_wconf 90' lang='lat' dir='ltr'>cetera</span> <span class='ocrx_word' id='word_1_128' title='bbox 602 1350 837 1412; x_wconf 84' lang='lat' dir='ltr'>decoquis</span> <span class='ocrx_word' id='word_1_129' title='bbox 882 1349 936 1396; x_wconf 91' lang='lat' dir='ltr'>in</span> <span class='ocrx_word' id='word_1_130' title='bbox 974 1350 1183 1398; x_wconf 89' lang='lat' dir='ltr'>caccabo</span> <span class='ocrx_word' id='word_1_131' title='bbox 1222 1349 1367 1398; x_wconf 87' lang='lat' dir='ltr'>fictili</span> <span class='ocrx_word' id='word_1_132' title='bbox 1403 1366 1547 1415; x_wconf 87' lang='lat' dir='ltr'>novo,</span> <span class='ocrx_word' id='word_1_133' title='bbox 1588 1366 1716 1413; x_wconf 87' lang='lat' dir='ltr'>quae</span> <span class='ocrx_word' id='word_1_134' title='bbox 1755 1367 1871 1400; x_wconf 92' lang='lat' dir='ltr'>cum</span> 
     </span>
     <span class='ocr_line' id='line_1_18' title="bbox 176 1423 1871 1487; baseline 0.001 -15"><span class='ocrx_word' id='word_1_135' title='bbox 176 1423 481 1487; x_wconf 85' lang='lat' dir='ltr'>refrixerint,</span> <span class='ocrx_word' id='word_1_136' title='bbox 523 1423 662 1471; x_wconf 90' lang='lat' dir='ltr'>addis</span> <span class='ocrx_word' id='word_1_137' title='bbox 706 1424 994 1486; x_wconf 90' lang='lat' dir='ltr'>asphaltum</span> <span class='ocrx_word' id='word_1_138' title='bbox 1033 1425 1084 1472; x_wconf 92' lang='lat' dir='ltr'>et</span> <span class='ocrx_word' id='word_1_139' title='bbox 1128 1424 1533 1472; x_wconf 92' lang='lat' dir='ltr'>hammoniacum</span> <span class='ocrx_word' id='word_1_140' title='bbox 1577 1427 1629 1472; x_wconf 90' lang='lat' dir='ltr'>et</span> <span class='ocrx_word' id='word_1_141' title='bbox 1675 1427 1871 1474; x_wconf 92' lang='lat' dir='ltr'>costum</span> 
     </span>
     <span class='ocr_line' id='line_1_19' title="bbox 177 1498 1868 1563; baseline 0.002 -18"><span class='ocrx_word' id='word_1_142' title='bbox 177 1514 268 1560; x_wconf 92' lang='lat' dir='ltr'>pro</span> <span class='ocrx_word' id='word_1_143' title='bbox 299 1513 532 1546; x_wconf 92' lang='lat' dir='ltr'>mensura</span> <span class='ocrx_word' id='word_1_144' title='bbox 565 1512 666 1560; x_wconf 90' lang='lat' dir='ltr'>qua</span> <span class='ocrx_word' id='word_1_145' title='bbox 704 1498 947 1560; x_wconf 87' lang='lat' dir='ltr'>scriptum</span> <span class='ocrx_word' id='word_1_146' title='bbox 985 1499 1075 1561; x_wconf 90' lang='lat' dir='ltr'>est,</span> <span class='ocrx_word' id='word_1_147' title='bbox 1113 1498 1294 1545; x_wconf 91' lang='lat' dir='ltr'>tritum</span> <span class='ocrx_word' id='word_1_148' title='bbox 1326 1498 1389 1545; x_wconf 90' lang='lat' dir='ltr'>ad</span> <span class='ocrx_word' id='word_1_149' title='bbox 1426 1499 1631 1547; x_wconf 92' lang='lat' dir='ltr'>modum</span> <span class='ocrx_word' id='word_1_150' title='bbox 1661 1499 1868 1563; x_wconf 87' lang='lat' dir='ltr'>farinae,</span> 
     </span>
     <span class='ocr_line' id='line_1_20' title="bbox 179 1571 1868 1637; baseline 0.001 -17"><span class='ocrx_word' id='word_1_151' title='bbox 179 1574 231 1620; x_wconf 90' lang='lat' dir='ltr'>et</span> <span class='ocrx_word' id='word_1_152' title='bbox 277 1572 494 1636; x_wconf 87' lang='lat' dir='ltr'>agitabis</span> <span class='ocrx_word' id='word_1_153' title='bbox 533 1573 584 1619; x_wconf 89' lang='lat' dir='ltr'>et</span> <span class='ocrx_word' id='word_1_154' title='bbox 621 1571 805 1620; x_wconf 89' lang='lat' dir='ltr'>iterum</span> <span class='ocrx_word' id='word_1_155' title='bbox 844 1587 1040 1636; x_wconf 88' lang='lat' dir='ltr'>coques,</span> <span class='ocrx_word' id='word_1_156' title='bbox 1078 1573 1139 1619; x_wconf 91' lang='lat' dir='ltr'>ut</span> <span class='ocrx_word' id='word_1_157' title='bbox 1178 1572 1244 1620; x_wconf 91' lang='lat' dir='ltr'>sit</span> <span class='ocrx_word' id='word_1_158' title='bbox 1280 1588 1384 1620; x_wconf 91' lang='lat' dir='ltr'>una</span> <span class='ocrx_word' id='word_1_159' title='bbox 1424 1572 1728 1637; x_wconf 81' lang='lat' dir='ltr'>substantia3</span> <span class='ocrx_word' id='word_1_160' title='bbox 1769 1590 1868 1636; x_wconf 90' lang='lat' dir='ltr'>quo</span> 
     </span>
    </p>

    <p class='ocr_par' dir='ltr' id='par_1_7' title="bbox 110 1643 1870 1858">
     <span class='ocr_line' id='line_1_21' title="bbox 110 1643 1869 1710; baseline 0.002 -19"><span class='ocrx_word' id='word_1_161' title='bbox 110 1658 157 1691; x_wconf 80' lang='lat'>20</span> <span class='ocrx_word' id='word_1_162' title='bbox 178 1646 336 1694; x_wconf 85' lang='lat' dir='ltr'>uteris</span> <span class='ocrx_word' id='word_1_163' title='bbox 383 1646 647 1695; x_wconf 82' lang='lat' dir='ltr'>adversum</span> <span class='ocrx_word' id='word_1_164' title='bbox 695 1643 867 1707; x_wconf 85' lang='lat' dir='ltr'>[venas</span> <span class='ocrx_word' id='word_1_165' title='bbox 915 1644 988 1706; x_wconf 91' lang='lat' dir='ltr'>et]</span> <span class='ocrx_word' id='word_1_166' title='bbox 1035 1645 1225 1694; x_wconf 88' lang='lat' dir='ltr'>vesicas</span> <span class='ocrx_word' id='word_1_167' title='bbox 1273 1648 1324 1694; x_wconf 89' lang='lat' dir='ltr'>et</span> <span class='ocrx_word' id='word_1_168' title='bbox 1370 1646 1691 1710; x_wconf 78' lang='lat' dir='ltr'>suffusioneS,</span> <span class='ocrx_word' id='word_1_169' title='bbox 1740 1663 1869 1710; x_wconf 89' lang='lat' dir='ltr'>quae</span> 
     </span>
     <span class='ocr_line' id='line_1_22' title="bbox 178 1720 1870 1779; baseline 0 -11"><span class='ocrx_word' id='word_1_170' title='bbox 178 1722 455 1769; x_wconf 89' lang='lat' dir='ltr'>nascuntur</span> <span class='ocrx_word' id='word_1_171' title='bbox 507 1720 560 1767; x_wconf 91' lang='lat' dir='ltr'>in</span> <span class='ocrx_word' id='word_1_172' title='bbox 613 1720 824 1779; x_wconf 86' lang='lat' dir='ltr'>genibus</span> <span class='ocrx_word' id='word_1_173' title='bbox 878 1722 968 1767; x_wconf 92' lang='lat' dir='ltr'>aut</span> <span class='ocrx_word' id='word_1_174' title='bbox 1020 1720 1073 1768; x_wconf 87' lang='lat' dir='ltr'>in</span> <span class='ocrx_word' id='word_1_175' title='bbox 1118 1720 1257 1768; x_wconf 86' lang='lat' dir='ltr'>tibiis</span> <span class='ocrx_word' id='word_1_176' title='bbox 1303 1722 1395 1768; x_wconf 88' lang='lat' dir='ltr'>aut</span> <span class='ocrx_word' id='word_1_177' title='bbox 1438 1721 1731 1769; x_wconf 82' lang='lat' dir='ltr'>internodiis</span> <span class='ocrx_word' id='word_1_178' title='bbox 1779 1723 1870 1770; x_wconf 91' lang='lat' dir='ltr'>aut</span> 
     </span>
     <span class='ocr_line' id='line_1_23' title="bbox 178 1793 1866 1858; baseline 0.001 -16"><span class='ocrx_word' id='word_1_179' title='bbox 178 1795 232 1842; x_wconf 92' lang='lat' dir='ltr'>in</span> <span class='ocrx_word' id='word_1_180' title='bbox 265 1793 505 1858; x_wconf 80' lang='lat' dir='ltr'>articulis,</span> <span class='ocrx_word' id='word_1_181' title='bbox 542 1809 702 1856; x_wconf 91' lang='lat' dir='ltr'>usque</span> <span class='ocrx_word' id='word_1_182' title='bbox 727 1810 783 1843; x_wconf 91' lang='lat' dir='ltr'>eo</span> <span class='ocrx_word' id='word_1_183' title='bbox 809 1795 870 1842; x_wconf 87' lang='lat' dir='ltr'>ut</span> <span class='ocrx_word' id='word_1_184' title='bbox 895 1794 1049 1842; x_wconf 87' lang='lat' dir='ltr'>etiam</span> <span class='ocrx_word' id='word_1_185' title='bbox 1074 1794 1394 1858; x_wconf 88' lang='lat' dir='ltr'>ossilaginem</span> <span class='ocrx_word' id='word_1_186' title='bbox 1424 1811 1597 1843; x_wconf 90' lang='lat' dir='ltr'>curare</span> <span class='ocrx_word' id='word_1_187' title='bbox 1622 1795 1866 1844; x_wconf 88' lang='lat' dir='ltr'>credatur.</span> 
     </span>
    </p>

    <p class='ocr_par' dir='ltr' id='par_1_8' title="bbox 183 1864 1980 2006">
     <span class='ocr_line' id='line_1_24' title="bbox 301 1864 1980 1932; baseline 0.001 -16"><span class='ocrx_word' id='word_1_188' title='bbox 301 1869 455 1929; x_wconf 74' lang='lat' dir='ltr'>Veyet.</span> <span class='ocrx_word' id='word_1_189' title='bbox 500 1868 604 1922; x_wconf 91' lang='lat' dir='ltr'>VI,</span> <span class='ocrx_word' id='word_1_190' title='bbox 642 1870 728 1924; x_wconf 74' lang='lat'>14,</span> <span class='ocrx_word' id='word_1_191' title='bbox 762 1870 818 1916; x_wconf 82' lang='lat'>4:</span> <span class='ocrx_word' id='word_1_192' title='bbox 872 1869 1128 1932; x_wconf 85' lang='lat' dir='ltr'>Malagma</span> <span class='ocrx_word' id='word_1_193' title='bbox 1183 1885 1381 1931; x_wconf 89' lang='lat' dir='ltr'>quoque</span> <span class='ocrx_word' id='word_1_194' title='bbox 1444 1869 1722 1918; x_wconf 91' lang='lat' dir='ltr'>causticum</span> <span class='ocrx_word' id='word_1_195' title='bbox 1773 1870 1869 1918; x_wconf 91' lang='lat' dir='ltr'>hac</span> <span class='ocrx_word' id='word_1_196' title='bbox 1884 1864 1980 1909; x_wconf 75' lang='lat'>492</span> 
     </span>
     <span class='ocr_line' id='line_1_25' title="bbox 183 1941 1870 2006; baseline 0 -14"><span class='ocrx_word' id='word_1_197' title='bbox 183 1942 348 1992; x_wconf 80' lang='lat' dir='ltr'>voluit</span> <span class='ocrx_word' id='word_1_198' title='bbox 383 1942 579 1990; x_wconf 89' lang='lat' dir='ltr'>ratione</span> <span class='ocrx_word' id='word_1_199' title='bbox 612 1941 855 2004; x_wconf 89' lang='lat' dir='ltr'>componi.</span> <span class='ocrx_word' id='word_1_200' title='bbox 917 1942 1043 2005; x_wconf 88' lang='lat' dir='ltr'>picis</span> <span class='ocrx_word' id='word_1_201' title='bbox 1073 1943 1294 2004; x_wconf 89' lang='lat' dir='ltr'>pondera</span> <span class='ocrx_word' id='word_1_202' title='bbox 1325 1943 1438 2006; x_wconf 91' lang='lat' dir='ltr'>duo,</span> <span class='ocrx_word' id='word_1_203' title='bbox 1478 1959 1617 1991; x_wconf 87' lang='lat' dir='ltr'>cerae</span> <span class='ocrx_word' id='word_1_204' title='bbox 1648 1944 1870 2006; x_wconf 90' lang='lat' dir='ltr'>pondera</span> 
     </span>
    </p>

    <p class='ocr_par' dir='ltr' id='par_1_9' title="bbox 117 2016 1870 2229">
     <span class='ocr_line' id='line_1_26' title="bbox 117 2016 1868 2081; baseline 0.003 -21"><span class='ocrx_word' id='word_1_205' title='bbox 117 2026 164 2060; x_wconf 79' lang='lat'>25</span> <span class='ocrx_word' id='word_1_206' title='bbox 187 2017 300 2080; x_wconf 89' lang='lat' dir='ltr'>duo,</span> <span class='ocrx_word' id='word_1_207' title='bbox 340 2016 545 2080; x_wconf 88' lang='lat' dir='ltr'>galbani</span> <span class='ocrx_word' id='word_1_208' title='bbox 582 2016 757 2065; x_wconf 89' lang='lat' dir='ltr'>uncias</span> <span class='ocrx_word' id='word_1_209' title='bbox 795 2018 911 2080; x_wconf 89' lang='lat' dir='ltr'>tres,</span> <span class='ocrx_word' id='word_1_210' title='bbox 950 2016 1143 2065; x_wconf 88' lang='lat' dir='ltr'>resinae</span> <span class='ocrx_word' id='word_1_211' title='bbox 1182 2017 1382 2081; x_wconf 90' lang='lat' dir='ltr'>libram,</span> <span class='ocrx_word' id='word_1_212' title='bbox 1430 2017 1591 2079; x_wconf 83' lang='lat' dir='ltr'>adipis</span> <span class='ocrx_word' id='word_1_213' title='bbox 1636 2018 1868 2066; x_wconf 88' lang='lat' dir='ltr'>taurinae</span> 
     </span>
     <span class='ocr_line' id='line_1_27' title="bbox 184 2090 1870 2154; baseline -0.001 -14"><span class='ocrx_word' id='word_1_214' title='bbox 184 2091 406 2154; x_wconf 89' lang='lat' dir='ltr'>pondera</span> <span class='ocrx_word' id='word_1_215' title='bbox 444 2090 558 2154; x_wconf 93' lang='lat' dir='ltr'>duo,</span> <span class='ocrx_word' id='word_1_216' title='bbox 597 2090 811 2147; x_wconf 85' lang='lat' dir='ltr'>bidellae</span> <span class='ocrx_word' id='word_1_217' title='bbox 850 2090 1025 2139; x_wconf 90' lang='lat' dir='ltr'>uncias</span> <span class='ocrx_word' id='word_1_218' title='bbox 1057 2092 1261 2154; x_wconf 90' lang='lat' dir='ltr'>septem,</span> <span class='ocrx_word' id='word_1_219' title='bbox 1299 2091 1430 2139; x_wconf 85' lang='lat' dir='ltr'>turis</span> <span class='ocrx_word' id='word_1_220' title='bbox 1460 2091 1663 2153; x_wconf 91' lang='lat' dir='ltr'>pollinis</span> <span class='ocrx_word' id='word_1_221' title='bbox 1694 2092 1870 2140; x_wconf 88' lang='lat' dir='ltr'>uncias</span> 
     </span>
     <span class='ocr_line' id='line_1_28' title="bbox 180 2164 1868 2229; baseline 0.001 -17"><span class='ocrx_word' id='word_1_222' title='bbox 180 2167 298 2228; x_wconf 88' lang='lat' dir='ltr'>tres,</span> <span class='ocrx_word' id='word_1_223' title='bbox 336 2164 531 2213; x_wconf 88' lang='lat' dir='ltr'>resinae</span> <span class='ocrx_word' id='word_1_224' title='bbox 568 2164 934 2212; x_wconf 87' lang='lat' dir='ltr'>terebinthinae</span> <span class='ocrx_word' id='word_1_225' title='bbox 971 2165 1145 2213; x_wconf 91' lang='lat' dir='ltr'>uncias</span> <span class='ocrx_word' id='word_1_226' title='bbox 1186 2180 1289 2228; x_wconf 86' lang='lat' dir='ltr'>sex,</span> <span class='ocrx_word' id='word_1_227' title='bbox 1335 2165 1459 2213; x_wconf 85' lang='lat' dir='ltr'>visci</span> <span class='ocrx_word' id='word_1_228' title='bbox 1496 2165 1716 2226; x_wconf 89' lang='lat' dir='ltr'>pondera</span> <span class='ocrx_word' id='word_1_229' title='bbox 1755 2166 1868 2229; x_wconf 89' lang='lat' dir='ltr'>duo,</span> 
     </span>
    </p>
   </div>
   <div class='ocr_carea' id='block_1_3' title="bbox 180 2238 2005 2379">
    <p class='ocr_par' dir='ltr' id='par_1_10' title="bbox 180 2238 2005 2379">
     <span class='ocr_line' id='line_1_29' title="bbox 180 2238 701 2303; baseline 0 -18"><span class='ocrx_word' id='word_1_230' title='bbox 180 2239 336 2303; x_wconf 85' lang='lat' dir='ltr'>glutis</span> <span class='ocrx_word' id='word_1_231' title='bbox 373 2238 547 2286; x_wconf 85' lang='lat' dir='ltr'>uncias</span> <span class='ocrx_word' id='word_1_232' title='bbox 585 2239 701 2285; x_wconf 89' lang='lat' dir='ltr'>tres.</span> 
     </span>
     <span class='ocr_line' id='line_1_30' title="bbox 292 2304 2005 2379; baseline 0.001 -19"><span class='ocrx_word' id='word_1_233' title='bbox 292 2313 352 2360; x_wconf 90' lang='lat' dir='ltr'><em>H</em></span> <span class='ocrx_word' id='word_1_234' title='bbox 365 2313 468 2360; x_wconf 84' lang='lat'>231</span> <span class='ocrx_word' id='word_1_235' title='bbox 500 2304 595 2378; x_wconf 88' lang='lat'>(=</span> <span class='ocrx_word' id='word_1_236' title='bbox 613 2312 680 2359; x_wconf 86' lang='lat' dir='ltr'><em>M</em></span> <span class='ocrx_word' id='word_1_237' title='bbox 690 2313 754 2359; x_wconf 89' lang='lat'>11</span> <span class='ocrx_word' id='word_1_238' title='bbox 766 2314 791 2359; x_wconf 89' lang='lat'>1</span> <span class='ocrx_word' id='word_1_239' title='bbox 808 2307 986 2379; x_wconf 76' lang='grc' dir='ltr'>ωκθ’);</span> <span class='ocrx_word' id='word_1_240' title='bbox 1004 2308 1153 2361; x_wconf 81' lang='grc' dir='ltr'><strong><em>’Άλλο</em></strong></span> <span class='ocrx_word' id='word_1_241' title='bbox 1179 2312 1406 2378; x_wconf 77' lang='grc' dir='ltr'><em>μάλαγμα</em></span> <span class='ocrx_word' id='word_1_242' title='bbox 1435 2311 1714 2362; x_wconf 84' lang='grc' dir='ltr'><strong><em>καυστικόν.</em></strong></span> <span class='ocrx_word' id='word_1_243' title='bbox 1746 2329 1867 2379; x_wconf 80' lang='grc' dir='ltr'><strong><em>προ-</em></strong></span> <span class='ocrx_word' id='word_1_244' title='bbox 1883 2305 2005 2352; x_wconf 71' lang='lat'>493⁸</span> 
     </span>
    </p>
   </div>
   <div class='ocr_carea' id='block_1_4' title="bbox 179 2411 535 2419">
    <p class='ocr_par' dir='ltr' id='par_1_11' title="bbox 179 2411 535 2419">
     <span class='ocr_line' id='line_1_31' title="bbox 179 2411 535 2419; baseline 0 0"><span class='ocrx_word' id='word_1_245' title='bbox 179 2411 535 2419; x_wconf 95' lang='lat' dir='ltr'> </span> 
     </span>
    </p>
   </div>
   <div class='ocr_carea' id='block_1_5' title="bbox 303 2465 1872 2527">
    <p class='ocr_par' dir='ltr' id='par_1_12' title="bbox 303 2465 1872 2527">
     <span class='ocr_line' id='line_1_32' title="bbox 303 2465 1872 2527; baseline 0.001 -15"><span class='ocrx_word' id='word_1_246' title='bbox 303 2472 327 2512; x_wconf 96' lang='grc'>1</span> <span class='ocrx_word' id='word_1_247' title='bbox 361 2466 556 2510; x_wconf 78' lang='grc' dir='ltr'><strong><em>ἄκανθα</em></strong></span> <span class='ocrx_word' id='word_1_248' title='bbox 587 2467 728 2524; x_wconf 70' lang='grc'>11114</span> <span class='ocrx_word' id='word_1_249' title='bbox 761 2468 862 2512; x_wconf 80' lang='grc' dir='ltr'><em>ἴσον</em></span> <span class='ocrx_word' id='word_1_250' title='bbox 888 2471 928 2511; x_wconf 95' lang='grc' dir='ltr'><strong><em>Ρ</em></strong></span> <span class='ocrx_word' id='word_1_251' title='bbox 961 2465 1062 2512; x_wconf 83' lang='grc' dir='ltr'><strong><em>ἴσον</em></strong></span> <span class='ocrx_word' id='word_1_252' title='bbox 1086 2469 1141 2513; x_wconf 89' lang='grc' dir='ltr'>Η</span> <span class='ocrx_word' id='word_1_253' title='bbox 1168 2470 1184 2526; x_wconf 82' lang='grc' dir='ltr'>ΙΙ</span> <span class='ocrx_word' id='word_1_254' title='bbox 1219 2473 1273 2512; x_wconf 83' lang='lat'>12</span> <span class='ocrx_word' id='word_1_255' title='bbox 1306 2468 1525 2526; x_wconf 87' lang='lat' dir='ltr'>ponticae</span> <span class='ocrx_word' id='word_1_256' title='bbox 1560 2469 1872 2527; x_wconf 68' lang='lat' dir='ltr'>Gorbeiensisss</span> 
     </span>
    </p>
   </div>
   <div class='ocr_carea' id='block_1_6' title="bbox 184 2538 1873 2972">
    <p class='ocr_par' dir='ltr' id='par_1_13' title="bbox 184 2538 1873 2972">
     <span class='ocr_line' id='line_1_33' title="bbox 191 2538 1871 2616; baseline 0 -16"><span class='ocrx_word' id='word_1_257' title='bbox 191 2561 247 2600; x_wconf 83' lang='lat'>14</span> <span class='ocrx_word' id='word_1_258' title='bbox 269 2556 487 2612; x_wconf 80' lang='lat' dir='ltr'>myrrhae</span> <span class='ocrx_word' id='word_1_259' title='bbox 511 2557 616 2601; x_wconf 76' lang='lat' dir='ltr'>edit.</span> <span class='ocrx_word' id='word_1_260' title='bbox 642 2554 853 2601; x_wconf 75' lang='lat' dir='ltr'>Schneid.</span> <span class='ocrx_word' id='word_1_261' title='bbox 883 2557 890 2614; x_wconf 81' lang='grc' dir='ltr'>Ι</span> <span class='ocrx_word' id='word_1_262' title='bbox 917 2555 1036 2600; x_wconf 86' lang='lat' dir='ltr'>visci</span> <span class='ocrx_word' id='word_1_263' title='bbox 1061 2555 1287 2614; x_wconf 86' lang='lat' dir='ltr'>Campani</span> <span class='ocrx_word' id='word_1_264' title='bbox 1309 2538 1425 2614; x_wconf 47' lang='lat'>{211</span> <span class='ocrx_word' id='word_1_265' title='bbox 1455 2558 1604 2614; x_wconf 80' lang='lat' dir='ltr'>recepi</span> <span class='ocrx_word' id='word_1_266' title='bbox 1626 2572 1682 2602; x_wconf 77' lang='lat' dir='ltr'>ex</span> <span class='ocrx_word' id='word_1_267' title='bbox 1706 2557 1838 2602; x_wconf 82' lang='lat' dir='ltr'>Gorb.</span> <span class='ocrx_word' id='word_1_268' title='bbox 1855 2557 1871 2616; x_wconf 74' lang='grc' dir='ltr'>Η</span> 
     </span>
     <span class='ocr_line' id='line_1_34' title="bbox 186 2614 1871 2675; baseline 0 -16"><span class='ocrx_word' id='word_1_269' title='bbox 186 2619 242 2659; x_wconf 84' lang='lat'>15</span> <span class='ocrx_word' id='word_1_270' title='bbox 282 2614 514 2659; x_wconf 88' lang='lat' dir='ltr'>amoniaci</span> <span class='ocrx_word' id='word_1_271' title='bbox 555 2615 623 2660; x_wconf 82' lang='lat' dir='ltr'>vel</span> <span class='ocrx_word' id='word_1_272' title='bbox 662 2614 918 2660; x_wconf 84' lang='lat' dir='ltr'>armoniaci</span> <span class='ocrx_word' id='word_1_273' title='bbox 962 2617 1135 2661; x_wconf 82' lang='lat' dir='ltr'>codices</span> <span class='ocrx_word' id='word_1_274' title='bbox 1182 2616 1328 2675; x_wconf 75' lang='lat' dir='ltr'>Veqet.</span> <span class='ocrx_word' id='word_1_275' title='bbox 1368 2618 1382 2674; x_wconf 87' lang='grc' dir='ltr'>ΙΙ</span> <span class='ocrx_word' id='word_1_276' title='bbox 1424 2621 1477 2660; x_wconf 91' lang='grc'>16</span> <span class='ocrx_word' id='word_1_277' title='bbox 1516 2630 1678 2660; x_wconf 86' lang='lat' dir='ltr'>verum</span> <span class='ocrx_word' id='word_1_278' title='bbox 1725 2616 1871 2661; x_wconf 81' lang='lat' dir='ltr'>etiam</span> 
     </span>
     <span class='ocr_line' id='line_1_35' title="bbox 187 2674 1869 2732; baseline 0.001 -13"><span class='ocrx_word' id='word_1_279' title='bbox 187 2674 427 2719; x_wconf 76' lang='lat' dir='ltr'>Gothanus</span> <span class='ocrx_word' id='word_1_280' title='bbox 461 2676 467 2730; x_wconf 87' lang='grc' dir='ltr'>Ι</span> <span class='ocrx_word' id='word_1_281' title='bbox 502 2674 691 2719; x_wconf 85' lang='lat' dir='ltr'>caetera</span> <span class='ocrx_word' id='word_1_282' title='bbox 721 2679 763 2720; x_wconf 82' lang='lat' dir='ltr'>et</span> <span class='ocrx_word' id='word_1_283' title='bbox 793 2675 965 2720; x_wconf 84' lang='lat' dir='ltr'>cacabo</span> <span class='ocrx_word' id='word_1_284' title='bbox 997 2677 1101 2721; x_wconf 79' lang='lat' dir='ltr'>edit.</span> <span class='ocrx_word' id='word_1_285' title='bbox 1135 2675 1342 2721; x_wconf 74' lang='lat' dir='ltr'>Schneid.</span> <span class='ocrx_word' id='word_1_286' title='bbox 1383 2677 1399 2732; x_wconf 90' lang='grc' dir='ltr'>ΙΙ</span> <span class='ocrx_word' id='word_1_287' title='bbox 1436 2680 1494 2720; x_wconf 81' lang='lat'>20</span> <span class='ocrx_word' id='word_1_288' title='bbox 1531 2688 1674 2720; x_wconf 84' lang='lat' dir='ltr'>venas</span> <span class='ocrx_word' id='word_1_289' title='bbox 1706 2677 1754 2719; x_wconf 84' lang='lat' dir='ltr'>et</span> <span class='ocrx_word' id='word_1_290' title='bbox 1785 2689 1869 2720; x_wconf 84' lang='lat' dir='ltr'>om.</span> 
     </span>
     <span class='ocr_line' id='line_1_36' title="bbox 187 2731 1872 2792; baseline 0.001 -15"><span class='ocrx_word' id='word_1_291' title='bbox 187 2731 318 2777; x_wconf 78' lang='lat' dir='ltr'>Gorb.</span> <span class='ocrx_word' id='word_1_292' title='bbox 341 2733 358 2789; x_wconf 79' lang='grc' dir='ltr'>Ι]</span> <span class='ocrx_word' id='word_1_293' title='bbox 381 2738 436 2777; x_wconf 84' lang='lat'>21</span> <span class='ocrx_word' id='word_1_294' title='bbox 475 2731 735 2778; x_wconf 83' lang='lat' dir='ltr'>internodis</span> <span class='ocrx_word' id='word_1_295' title='bbox 771 2732 899 2779; x_wconf 80' lang='lat' dir='ltr'>Corb.</span> <span class='ocrx_word' id='word_1_296' title='bbox 924 2737 940 2791; x_wconf 86' lang='grc' dir='ltr'>ΙΙ</span> <span class='ocrx_word' id='word_1_297' title='bbox 963 2738 1019 2778; x_wconf 82' lang='lat'>22</span> <span class='ocrx_word' id='word_1_298' title='bbox 1043 2734 1093 2778; x_wconf 88' lang='lat' dir='ltr'>in</span> <span class='ocrx_word' id='word_1_299' title='bbox 1123 2748 1207 2780; x_wconf 86' lang='lat' dir='ltr'>om.</span> <span class='ocrx_word' id='word_1_300' title='bbox 1235 2734 1364 2780; x_wconf 76' lang='lat' dir='ltr'>Gorb.</span> <span class='ocrx_word' id='word_1_301' title='bbox 1392 2738 1400 2790; x_wconf 90' lang='grc'>1</span> <span class='ocrx_word' id='word_1_302' title='bbox 1428 2734 1676 2779; x_wconf 82' lang='lat' dir='ltr'>credantur</span> <span class='ocrx_word' id='word_1_303' title='bbox 1705 2735 1872 2792; x_wconf 67' lang='lat' dir='ltr'>vulqoll</span> 
     </span>
     <span class='ocr_line' id='line_1_37' title="bbox 185 2790 1873 2850; baseline 0.001 -14"><span class='ocrx_word' id='word_1_304' title='bbox 185 2796 243 2836; x_wconf 81' lang='lat'>26</span> <span class='ocrx_word' id='word_1_305' title='bbox 272 2790 477 2836; x_wconf 82' lang='lat' dir='ltr'>bidellae</span> <span class='ocrx_word' id='word_1_306' title='bbox 509 2792 729 2837; x_wconf 66' lang='lat' dir='ltr'>Gotharm</span> <span class='ocrx_word' id='word_1_307' title='bbox 767 2792 968 2838; x_wconf 85' lang='lat' dir='ltr'>videllae</span> <span class='ocrx_word' id='word_1_308' title='bbox 1003 2794 1134 2839; x_wconf 81' lang='lat' dir='ltr'>Gorb.</span> <span class='ocrx_word' id='word_1_309' title='bbox 1166 2793 1330 2838; x_wconf 88' lang='lat' dir='ltr'>bdellii</span> <span class='ocrx_word' id='word_1_310' title='bbox 1360 2795 1465 2838; x_wconf 76' lang='lat' dir='ltr'>edit.</span> <span class='ocrx_word' id='word_1_311' title='bbox 1498 2793 1705 2838; x_wconf 78' lang='lat' dir='ltr'>Schneid.</span> <span class='ocrx_word' id='word_1_312' title='bbox 1734 2795 1740 2850; x_wconf 93' lang='grc' dir='ltr'>Ι</span> <span class='ocrx_word' id='word_1_313' title='bbox 1768 2806 1873 2850; x_wconf 81' lang='lat' dir='ltr'>sep·</span> 
     </span>
     <span class='ocr_line' id='line_1_38' title="bbox 185 2849 1872 2911; baseline 0.002 -17"><span class='ocrx_word' id='word_1_314' title='bbox 185 2851 304 2908; x_wconf 81' lang='lat' dir='ltr'>tem]</span> <span class='ocrx_word' id='word_1_315' title='bbox 338 2849 405 2894; x_wconf 91' lang='lat'>111</span> <span class='ocrx_word' id='word_1_316' title='bbox 446 2850 575 2896; x_wconf 83' lang='lat' dir='ltr'>Gorb.</span> <span class='ocrx_word' id='word_1_317' title='bbox 618 2853 625 2906; x_wconf 82' lang='grc' dir='ltr'>Ι</span> <span class='ocrx_word' id='word_1_318' title='bbox 666 2852 784 2896; x_wconf 84' lang='lat' dir='ltr'>turis</span> <span class='ocrx_word' id='word_1_319' title='bbox 830 2853 943 2909; x_wconf 90' lang='lat' dir='ltr'>poll.</span> <span class='ocrx_word' id='word_1_320' title='bbox 991 2867 1096 2899; x_wconf 85' lang='lat' dir='ltr'>unc.</span> <span class='ocrx_word' id='word_1_321' title='bbox 1138 2854 1233 2898; x_wconf 78' lang='lat' dir='ltr'>tres</span> <span class='ocrx_word' id='word_1_322' title='bbox 1279 2866 1362 2899; x_wconf 88' lang='lat' dir='ltr'>om.</span> <span class='ocrx_word' id='word_1_323' title='bbox 1413 2853 1543 2898; x_wconf 79' lang='lat' dir='ltr'>Gorb.</span> <span class='ocrx_word' id='word_1_324' title='bbox 1580 2854 1596 2911; x_wconf 83' lang='grc' dir='ltr'>ΙΙ</span> <span class='ocrx_word' id='word_1_325' title='bbox 1635 2857 1691 2897; x_wconf 84' lang='grc'>28</span> <span class='ocrx_word' id='word_1_326' title='bbox 1723 2852 1872 2910; x_wconf 81' lang='lat' dir='ltr'>glutis</span> 
     </span>
     <span class='ocr_line' id='line_1_39' title="bbox 184 2909 1191 2972; baseline 0.002 -18"><span class='ocrx_word' id='word_1_327' title='bbox 184 2910 344 2966; x_wconf 73' lang='lat' dir='ltr'>vulyo:</span> <span class='ocrx_word' id='word_1_328' title='bbox 383 2910 547 2966; x_wconf 81' lang='lat' dir='ltr'>guttae</span> <span class='ocrx_word' id='word_1_329' title='bbox 589 2909 836 2969; x_wconf 55' lang='grc'>0091111211</span> <span class='ocrx_word' id='word_1_330' title='bbox 869 2911 979 2956; x_wconf 79' lang='grc' dir='ltr'><em>ἄλλο</em></span> <span class='ocrx_word' id='word_1_331' title='bbox 1011 2925 1094 2958; x_wconf 85' lang='lat' dir='ltr'>om.</span> <span class='ocrx_word' id='word_1_332' title='bbox 1126 2912 1191 2972; x_wconf 57' lang='lat' dir='ltr'>H}</span> 
     </span>
    </p>
   </div>
   <div class='ocr_carea' id='block_1_7' title="bbox 273 2990 1516 3033">
    <p class='ocr_par' dir='ltr' id='par_1_14' title="bbox 273 2990 1516 3033">
     <span class='ocr_line' id='line_1_40' title="bbox 273 2990 1516 3033; baseline 0.006 -11"><span class='ocrx_word' id='word_1_333' title='bbox 273 2992 368 3033; x_wconf 68' lang='lat' dir='ltr'>Ima,</span> <span class='ocrx_word' id='word_1_334' title='bbox 392 2990 635 3032; x_wconf 78' lang='lat' dir='ltr'>Pelagonius.</span> <span class='ocrx_word' id='word_1_335' title='bbox 1490 2991 1516 3030; x_wconf 84' lang='lat'>9</span> 
     </span>
    </p>
   </div>
  </div>
 </body>
</html>
