2060 3232
930 108 1286 160 —42—

262 246 415 309 diora,
454 261 544 294 nec
583 244 784 293 ducenti
823 243 1116 306 obsequitur
1154 243 1239 292 sed
1276 242 1465 292 invitus
1504 241 1736 307 trahitur,
1776 259 1866 292 nec
1897 258 1949 292 se

260 320 489 368 volutare
527 318 714 381 poterit
751 318 837 366 sed
874 318 927 365 in
965 318 1120 366 latere
1158 316 1353 366 iacebit.
1432 316 1599 366 evenit
1637 318 1808 365 autem
1845 317 1950 379 ple-

260 405 473 456 rumque
510 392 662 441 febris
703 394 793 440 aut
830 391 984 439 nimio
1019 390 1203 454 labore,
1242 390 1295 438 id
1333 393 1408 438 est
1446 405 1561 438 cum
1599 405 1749 439 cursu
1780 390 1952 454 agitur

261 468 313 516 et
356 468 472 528 post
517 481 719 514 cursum
763 482 862 514 non
909 463 1304 527 competentibus
1351 463 1473 512 cibis
1525 465 1616 511 aut
1660 464 1949 526 potionibus

260 542 487 602 curatur3
534 541 624 588 aut
661 538 867 602 frigore,
915 554 1029 586 cum
1066 537 1329 601 diligentia
1375 552 1597 600 congrua
1634 539 1751 599 post
1787 537 1949 601 frigus
1995 551 2017 584 5

260 630 360 662 non
406 613 689 674 adhibetur3
742 613 833 659 aut
876 610 1030 658 nimio
1071 613 1215 658 aestu
1269 612 1359 657 aut
1405 609 1673 675 cruditate,
1720 611 1950 674 hequen-

175 687 177 689 ’
259 687 362 735 tius
402 688 573 734 autem
610 684 793 733 hordeo
831 700 960 733 novo
1001 683 1325 732 contrahitur.

179 767 245 814 34

371 760 550 808 Febres
602 760 772 806 autem
821 759 1063 806 curantur
1112 757 1194 805 sic.
1273 756 1479 821 sanguis
1529 757 1588 805 de
1640 758 1948 820 temporibus

259 833 481 881 mittitur
519 834 569 880 et
607 832 666 880 de
705 830 831 880 facie
872 834 923 879 et
961 831 1023 879 ab
1064 831 1198 879 omni
1237 830 1345 880 cibo
1386 830 1679 879 abstinetur.
1748 834 1950 880 tantum

258 910 436 970 potum
473 905 812 968 praebendum
858 920 962 953 esse
1008 904 1155 954 iubeo
1202 905 1456 954 moderate
1503 907 1554 953 et
1600 905 1701 953 alia
1746 905 1825 954 die
1865 906 1946 955 de·
1972 919 2015 952 ιο

258 980 483 1028 ambulet
519 979 702 1027 sensim
733 980 783 1027 et
814 979 1099 1027 stabuletur
1135 978 1297 1027 calido
1335 979 1457 1027 loco.
1521 979 1564 1027 si
1593 979 1831 1041 temporis
1863 996 1949 1042 op·

256 1053 541 1116 portunitas
571 1053 780 1116 patitur,
811 1052 976 1101 herbis
1006 1051 1249 1102 viridibus
1279 1053 1605 1101 recreandum
1636 1055 1712 1101 est
1742 1069 1950 1118 aegrum

255 1142 428 1189 pecus;
483 1127 526 1175 si
571 1128 770 1188 tempus
816 1126 869 1174 in
914 1127 1075 1174 hieme
1122 1128 1218 1190 est,
1268 1126 1472 1174 faenum
1518 1129 1568 1175 et
1612 1127 1854 1175 hordeum
1898 1129 1950 1176 et

255 1201 473 1248 tisanam
502 1200 737 1263 praebere
769 1200 1099 1248 utilissimum
1130 1202 1217 1248 est.
1272 1200 1568 1263 plerumque
1601 1203 1771 1249 autem
1795 1201 1950 1249 etiam

256 1290 371 1323 cum
409 1290 508 1322 non
546 1273 819 1339 febricitat,
868 1274 1012 1338 signa
1050 1273 1103 1321 in
1140 1273 1249 1336 ipso
1290 1273 1461 1322 eadem
1499 1274 1742 1338 invenies,
1781 1275 1835 1323 id
1872 1276 1948 1323 est
1972 1287 2014 1321 15

255 1351 520 1412 gravatam
551 1347 804 1411 cervicem,
845 1349 999 1410 caput
1030 1347 1093 1395 ad
1123 1349 1311 1396 terram
1342 1347 1624 1412 demissum,
1662 1349 1947 1398 recumbere

165 1456 167 1458 ·
255 1421 309 1469 in
345 1422 515 1470 latere.
577 1422 820 1470 hordeum
856 1421 1115 1484 praebeto:
1155 1420 1198 1469 si
1230 1420 1510 1485 adpetierit,
1549 1421 1654 1470 sine
1689 1422 1824 1470 febre
1857 1425 1945 1471 est.

170 2460 232 2504 35

256 1496 316 1543 de
347 1495 515 1544 labore
542 1496 623 1544 vel
655 1495 714 1543 de
748 1497 981 1557 ostocopo
1013 1495 1139 1543 talia
1171 1495 1420 1544 eveniunt.
1475 1495 1518 1543 si
1549 1497 1720 1544 autem
1749 1495 1946 1561 febriat,

254 1571 306 1617 et
342 1569 583 1618 hordeum
612 1571 812 1617 recusat
851 1571 901 1617 et
940 1571 1202 1618 anorectus
1233 1569 1528 1632 plerumque
1569 1570 1645 1618 est
1683 1571 1734 1618 et
1771 1570 1945 1636 tristis,

254 1643 417 1691 solum
454 1645 623 1690 tamen
661 1645 839 1704 potum
875 1642 1110 1705 requirit3
1149 1642 1301 1691 febris
1341 1644 1512 1691 autem
1548 1643 1717 1692 triduo
1757 1644 1800 1692 si
1833 1661 1943 1707 per·
1967 1658 2011 1690 20

253 1716 567 1780 severaverit,
606 1717 831 1765 moritur.
911 1717 999 1779 qui
1038 1718 1208 1766 autem
1247 1719 1338 1764 aut
1375 1719 1518 1765 tactu
1557 1717 1812 1767 auriculae
1853 1721 1944 1767 aut

252 1806 406 1838 venae
458 1806 585 1852 quae
636 1790 689 1837 in
738 1791 893 1838 latere
941 1793 1017 1839 est
1063 1790 1155 1839 sub
1204 1807 1419 1855 armum,
1470 1792 1657 1853 putant
1703 1806 1754 1840 se
1799 1807 1943 1855 posse

251 1863 545 1912 febrientem
593 1863 907 1928 intellegere,
957 1880 1104 1914 verae
1153 1864 1364 1913 rationis
1414 1864 1579 1928 ignari
1629 1867 1767 1930 sunt,
1823 1867 1944 1928 quia

251 1953 340 1986 nec
372 1938 642 1986 ostendunt
673 1952 723 1985 se
755 1938 815 1986 de
845 1938 986 1987 venis
1015 1938 1305 2002 intellegere
1335 1938 1641 1987 febrientem.
1697 1939 1743 1987 ei
1774 1941 1944 1989 tamen

253 2011 341 2073 qui
380 2011 438 2059 de
477 2011 646 2060 labore
684 2012 765 2061 vel
804 2012 862 2060 de
904 2014 1137 2074 ostocopo
1177 2012 1466 2075 supradicta
1512 2012 1656 2076 signa
1693 2013 1940 2075 habuerit,
1966 2027 2009 2061 25

251 2085 546 2148 sanguinem
584 2085 842 2134 detrahere
881 2085 1188 2134 contrarium
1226 2087 1321 2149 est,
1370 2085 1491 2148 quia
1529 2088 1580 2135 et
1616 2086 1786 2136 labore
1824 2088 1941 2136 fati-

251 2161 400 2222 gatus
447 2161 497 2207 et
543 2159 802 2223 sanguinis
850 2159 1110 2208 emissione
1162 2159 1434 2208 exhaustus
1484 2159 1589 2208 sine
1634 2160 1823 2209 viribus
1869 2161 1940 2210 fit.

250 2232 543 2281 febrientem
595 2233 923 2281 utilissimum
973 2236 1048 2282 est
1098 2233 1419 2298 sanguinare,
1475 2234 1596 2296 quia
1649 2236 1700 2282 et
1750 2235 1941 2284 leviora

251 2306 403 2353 sentit
449 2306 663 2369 suspiria
710 2309 761 2355 et
805 2323 961 2356 venae
1011 2308 1142 2356 ferro
1191 2308 1445 2356 relaxatae
1495 2307 1746 2370 recipiunt
1791 2309 1940 2358 citius

252 2379 530 2428 sanitatem.
1960 2397 2004 2428 30

360 2454 440 2501 Ad
477 2454 664 2502 febrem
702 2454 990 2504 interiorem
1028 2454 1412 2503 discutiendam:
1459 2455 1710 2503 tracanthi
1748 2450 1783 2519 <
1804 2482 1868 2489 —
1888 2452 1938 2521 >,

250 2526 463 2575 hormini
517 2528 718 2576 seminis
762 2554 826 2562 —-
867 2528 939 2593 II,
993 2528 1259 2591 rossyriaci
1313 2528 1491 2590 optimi
1528 2554 1588 2561 —
1624 2528 1696 2593 H,
1751 2529 1938 2592 piperis

367 2672 394 2710 2
418 2667 674 2725 plerunque
697 2670 712 2726 ΙΙ
740 2674 794 2714 10
815 2668 1106 2726 prebendum
1133 2670 1140 2726 Ι
1168 2669 1243 2713 die
1267 2667 1595 2712 dedeambulet
1618 2670 1634 2725 ΙΙ
1659 2673 1711 2712 11
1733 2670 1904 2715 callido
1927 2671 1931 2730 Ι

252 2726 541 2781 oportunitas
571 2729 587 2782 11
622 2733 678 2772 14
710 2730 904 2785 prebere
939 2730 946 2783 Ι
981 2729 1237 2784 plerunque
1274 2730 1290 2782 ΙΙ
1325 2732 1378 2771 16
1425 2727 1670 2771 dimissum
1693 2729 1708 2782 ΙΙ
1742 2733 1795 2773 17
1831 2744 1934 2785 pre·

250 2784 359 2828 beto
390 2785 405 2840 ss
441 2790 492 2829 19
532 2785 791 2843 plerunque
831 2790 837 2840 Ι
863 2787 1024 2831 tristes
1048 2789 1064 2843 ΙΙ
1087 2791 1144 2830 20
1168 2786 1321 2830 febres
1345 2788 1361 2842 ΙΙ
1392 2790 1446 2830 21
1481 2788 1661 2830 tactum
1685 2789 1699 2844 ΙΙ
1724 2792 1779 2830 22
1805 2802 1895 2844 que
1917 2790 1932 2848 Η

250 2845 307 2886 23
330 2841 595 2900 intelligere
620 2859 729 2890 uere
752 2847 767 2901 ΙΙ
791 2851 849 2890 24
881 2847 1032 2904 ueniti,
1064 2850 1117 2890 ut
1145 2846 1288 2901 fuerit
1317 2847 1370 2888 in
1408 2846 1651 2902 archetypo
1690 2846 1813 2891 ueris
1836 2851 1852 2904 ss
1875 2851 1931 2893 29

249 2901 456 2945 relaxate
488 2904 503 2959 ΙΙ
535 2907 588 2947 31
622 2902 959 2961 τραγακάνθης
989 2911 1044 2961 γῦ
1076 2905 1190 2961 μίαν
1222 2906 1271 2947 Η
1291 2906 1306 2962 fl
1330 2907 1385 2948 32
1417 2904 1660 2948 herminiis
1695 2919 1853 2950 semen
