2060 3232
791 137 1193 188 -149—

151 265 356 310 traditur
388 244 614 324 aryallici.
676 265 886 310 Marcell.
912 269 983 321 20,
1008 271 1065 310 39
1092 265 1341 322 portulaca
1370 265 1412 308 h.
1439 278 1472 308 e.
1514 266 1658 311 alium
1689 267 1834 313 Galli-

149 340 264 371 cum.
307 325 363 370 de
389 325 648 384 anagallico
674 324 798 380 quod
822 325 1022 369 vocatur
1047 324 1186 368 adeas
1214 324 1456 380 glossaria,
1480 325 1611 369 velut
1634 325 1835 371 Senense

149 385 271 437 (Joh.
305 384 516 429 Schmidt
553 382 752 428 Hermae
786 383 875 430 vol.
910 388 966 428 18
997 398 1042 440 p.
1076 387 1181 437 530)
1220 383 1556 438 anayallicum:
1598 386 1836 430 consolida

147 445 323 497 ‘maior;
357 441 616 487 ‘Sinonima
637 441 977 487 Bartholomei'
1004 441 1146 499 (edid.
1172 441 1360 498 Mowat,
1383 441 1560 486 Anecd.
1586 441 1730 488 Oxou.
1755 445 1835 500 11,

152 507 264 547 1882
297 518 340 558 p.
368 502 441 558 10)
473 502 802 576 anayallicum,
834 502 1081 557 anaqallis,
1112 501 1164 545 id
1196 506 1260 545 est
1292 501 1526 545 consolida
1556 503 1715 546 maior

255 560 328 633 ί,72
362 561 418 605 Η
437 565 490 605 31
521 558 660 604 ἄλλο
670 562 893 619 Ημεριᾞου
942 560 1153 634 φάβατος
1177 557 1490 634 ἀληλεσμένον
1515 568 1568 617 γὸ
1589 557 1642 614 ἓξ
1669 559 1835 620 βρέξας

148 618 215 670 εἰς
247 615 484 676 ἑψήματος
515 637 555 676 χ.
588 620 636 675 γ’
677 619 758 663 καὶ
797 618 1034 692 πεπέρεως
1073 618 1271 670 κόκκους
1309 619 1387 662 λα’
1432 615 1483 663 ἒν
1518 621 1646 692 &vice
1687 623 1837 671 καλῶς

146 677 318 729 λεάνας
364 678 445 722 καὶ
490 680 765 751 προσμίξας
786 677 974 730 στέατος
1017 680 1234 751 τραγείου
1279 679 1440 735 λίτραν
1479 678 1530 722 α’
1571 664 1654 722 καὶ
1692 675 1837 731 αὖθις

147 734 439 788 συλλεάνας’
418 738 495 781 επὶ
510 737 700 794 τρισὶν
677 736 872 795 ημέραις
889 738 969 782 διὰ
986 736 1179 796 κέρατος
1197 734 1480 795 ἑγχυμάτιζε.
1520 738 1641 795 Veg.
1657 737 1701 781 V
1717 745 1788 793 64,
1809 745 1834 782 9

145 798 332 850 farinae
362 799 499 852 fabae
529 799 676 852 fresae
706 799 931 843 sextarios
961 798 1076 842 duos
1106 798 1323 852 infundis
1361 798 1414 841 in
1443 798 1579 866 passi
1618 799 1836 843 sextariis

146 857 294 901 trzbus
339 862 381 901 et
424 859 478 901 in
521 858 741 901 mortario
794 857 1048 902 diutissime
1101 862 1297 902 conteres
1348 857 1523 912 piperzs
1574 857 1676 902 triti
1731 858 1836 912 (hoc

145 916 372 972 ineptum,
405 916 702 960 scribendum
733 915 920 960 videtur
949 916 1094 972 niyri)
1126 929 1277 974 yrana
1307 916 1519 973 triyinta,
1548 917 1641 961 sevi
1662 916 1838 961 hircini

146 975 290 1019 libras
319 980 409 1020 tres
431 976 613 1031 pariter
644 975 862 1019 admisces
892 979 934 1019 et
963 977 1119 1019 omnia
1149 979 1254 1019 tusa
1285 979 1326 1018 et
1355 975 1562 1020 cribrata
1585 989 1672 1032 per
1702 989 1751 1019 os
1775 977 1837 1019 ad

146 1047 290 1079 cornu
298 1048 385 1090 per
405 1034 610 1078 triduum
635 1034 731 1090 (vel
746 1035 919 1089 triduo)
936 1035 1081 1079 dabis.
1113 1033 1358 1090 Pelagonii
1375 1033 1526 1078 oratio
1543 1035 1693 1078 minus
1715 1034 1835 1078 bene

144 1094 370 1149 procedit.
410 1094 556 1137 verba
596 1094 647 1137 id
686 1098 749 1137 est
797 1094 1038 1138 lomentum
1076 1093 1272 1138 fortasse
1321 1092 1558 1150 glossema
1605 1095 1737 1146 sunt;
1778 1095 1835 1138 cf.

145 1151 261 1209 Veg.
287 1152 327 1195 V
354 1156 408 1196 62
440 1153 494 1196 in
525 1152 818 1197 subtilissimo
842 1154 1047 1206 lomentO,
1076 1153 1159 1197 hoc
1181 1156 1245 1197 est
1266 1153 1430 1207 farina
1450 1153 1659 1207 fabacea,
1677 1152 1739 1195 VI
1756 1157 1836 1208 8,4

146 1211 329 1256 lomenti
362 1211 499 1265 fabae
527 1212 578 1256 id
600 1216 664 1256 est
693 1213 894 1268 farinae,
933 1210 1108 1256 Pallad.
1136 1211 1198 1254 XI
1227 1216 1295 1266 14,
1321 1216 1346 1255 9
1380 1225 1435 1255 ex
1457 1212 1569 1267 faba
1594 1213 1836 1256 lomentum

143 1270 334 1326 factum,
355 1269 549 1326 Apicius
575 1271 638 1314 16
672 1272 910 1315 lomentum
934 1284 990 1315 ea·
1020 1271 1133 1323 faba
1165 1272 1352 1324 factum.

269 1329 328 1374 '73
359 1330 423 1373 M
439 1333 496 1373 84
529 1328 645 1385 φξα’
681 1327 839 1386 ἕτερον
862 1330 978 1387 πρὸς
1010 1329 1233 1389 βουλσούς
1264 1330 1522 1386 (praecedit
1546 1332 1635 1387 74).
1669 1327 1835 1388 βρέξον

56 1394 61 1399 “
146 1387 280 1447 φάβα
313 1383 364 1432 ἐν
398 1389 508 1448 οἴνῳ
539 1392 723 1447 παλαιῷ
755 1392 847 1434 κτλ.
912 1390 1025 1445 Veg.
1050 1388 1094 1432 V
1118 1393 1285 1444 64,10.

263 1434 491 1491 tantum
513 1451 783 1503 quantum
802 1448 1033 1505 duplum
1054 1447 1238 1492 fuerit
1261 1447 1468 1506 vinum]
1487 1447 1556 1492 ita
1578 1447 1830 1504 intellego·

145 1506 185 1550 si
216 1506 315 1550 vini
346 1507 454 1551 sunt
491 1507 679 1551 sextarii
710 1509 826 1563 tres,
859 1507 997 1552 fabae
1030 1508 1079 1551 et
1120 1508 1212 1551 olei
1252 1507 1424 1551 debent
1463 1520 1563 1551 esse
1605 1506 1834 1551 sextarius

144 1579 263 1610 unus
303 1566 352 1610 et
397 1564 594 1611 dimidia
632 1567 823 1610 sextarii
854 1581 975 1623 pars,
1014 1566 1061 1610 h.
1095 1580 1133 1613 e.
1174 1581 1279 1611 cum
1321 1566 1457 1610 fabae
1505 1565 1568 1610 sit
1609 1566 1835 1610 sextarius

142 1638 275 1681 unus,
309 1624 402 1669 olei
433 1626 583 1670 restat
612 1625 801 1669 hemina
833 1625 929 1669 sive
968 1625 1111 1681 libra,
1151 1628 1205 1669 ut
1246 1628 1370 1669 recte
1410 1625 1554 1670 habet
1584 1624 1832 1682 Vegetius:

145 1684 254 1728 aliis
284 1685 438 1742 placet
480 1685 666 1740 farinae
706 1686 921 1741 fabaceae
959 1685 1212 1729 sextarium
1249 1699 1394 1729 unum
1433 1685 1583 1730 tribus
1619 1685 1836 1729 seatariis

144 1744 244 1787 vini
275 1745 435 1788 veteris
465 1745 709 1799 infundere
732 1745 983 1801 additaque
1006 1745 1094 1789 olei
1116 1745 1277 1799 optimi
1301 1744 1421 1788 libra
1427 1745 1621 1817 pariter
1644 1745 1837 1788 deterere

145 1815 200 1846 ac
231 1803 341 1847 dare
364 1817 451 1859 per
481 1817 624 1848 cornu
656 1803 925 1860 (intel-pres·
956 1802 1219 1874 προσάψεις
1258 1804 1381 1861 αὐτῷ
1419 1798 1579 1847 ἐλαίου
1621 1803 1672 1846 τὸ
1711 1800 1829 1846 καθ

145 1859 284 1918 ἥμισυ
316 1868 399 1905 τοῦ
432 1863 563 1906 οἴνου
597 1861 747 1920 μέρος,
781 1879 898 1906 ουτω
932 1860 1092 1919 μέντοι
1123 1864 1202 1906 ἰ”να
1227 1848 1413 1906 ἔσονται
1438 1863 1568 1906 οἴνου
1602 1860 1757 1915 ξέσται
1781 1862 1830 1918 γ’

145 1920 226 1964 καὶ
258 1920 469 1981 φάβατος
500 1919 659 1995 ξέστης
690 1939 720 1965 α
729 1922 777 1977 ¹).

266 1979 327 2024 74
360 1982 423 2025 M
450 1985 508 2026 84
541 1980 623 2037 (ρξ’
657 1982 959 2038 Πελαγωνίου
990 1980 1106 2039 πρὸς
1139 1980 1360 2040 βουλσους
1392 1978 1572 2023 απλοῦν
1596 1979 1677 2023 καὶ
1707 1982 1833 2023 θαυ-

145 2039 320 2096 μαστὸν
353 2039 589 2099 βοήθημα.
652 2041 768 2097 Veg.
797 2041 836 2084 V
861 2045 1015 2097 64,10
1046 2042 1261 2085 nonnulli
1291 2053 1394 2084 vero
1419 2040 1595 2084 duobus
1618 2041 1835 2084 sextariis

145 2100 322 2144 cond-iti
352 2112 391 2143 e.
418 2113 458 2155 q.
486 2113 521 2144 s.

268 2158 327 2203 75
354 2160 415 2201 M
432 2162 488 2202 85
508 2158 618 2218 φξβ’
647 2158 770 2203 ἄλλο.
813 2157 923 2216 σκόρ
928 2160 1012 2202 δον
1038 2157 1267 2202 Γαλλικὸν
1291 2156 1567 2213 κατακόψας
1589 2158 1833 2214 καθαρίσας

147 2216 227 2260 καὶ
257 2216 508 2274 προσάψας
539 2221 631 2262 κτλ.
672 2218 787 2274 Veg.
804 2218 845 2262 V
864 2223 935 2271 64,
955 2222 1023 2262 11.
1055 2217 1266 2272 paullum
1299 2216 1456 2260 differt
1487 2221 1558 2260 83.

264 2277 494 2320 herbam
540 2276 936 2349 parietariam]
998 2275 1201 2335 βοτάνην
1250 2276 1478 2332 σιδηρῖτιν
1521 2273 1583 2346 ᾒν
1616 2273 1834 2332 Ρωμαῖοι

146 2337 339 2378 καλοῦσι
369 2332 678 2409 παριεταρίαν
706 2337 777 2381 M.
815 2336 939 2379 infra.
971 2340 1025 2379 83
1060 2336 1288 2392 σιδηρῖτιν
1313 2334 1395 2378 καὶ
1420 2332 1673 2394 βοτάνην“
1648 2351 1707 2389 ην
1726 2333 1834 2378 Ρω-

147 2398 277 2450 μαῖοι
308 2397 501 2438 καλοῦσι
531 2392 789 2467 περδίκιον,
822 2397 878 2438 85
909 2401 990 2451 τῆς
1020 2395 1358 2451 προλεχθείσης
1394 2395 1701 2467 παριεταρίας
1731 2393 1836 2448 ἤτοι

148 2454 432 2509 σιδηρίτιδος
471 2452 683 2512 βοτάνης,
758 2459 813 2498 89
862 2453 1060 2513 βοτάνης
1100 2455 1383 2510 σιδηρίτιδος
1412 2451 1472 2508 ἣν
1497 2452 1714 2510 Ρωμαῖοι
1744 2468 1836 2496 πα-

148 2513 363 2569 ριταριάν
386 2515 593 2557 καλοῦσι.
635 2512 758 2558 Cass.
783 2513 923 2558 Fe1.2
951 2516 1013 2570 (p.
1031 2519 1082 2557 11
1100 2514 1238 2569 Rose)
1263 2514 1690 2569 herbamperdieion
1703 2514 1754 2556 id
1771 2517 1836 2557 est

139 2573 458 2628 parietariam.
469 2571 771 2629 parietariam
780 2571 868 2617 viri
892 2572 1017 2617 docti
1037 2567 1220 2628 ἕλξίνην
1238 2572 1462 2616 definiunt
1471 2571 1677 2616 Dioscor.
1689 2572 1749 2614 IV
1761 2575 1833 2614 86

145 2630 265 2674 Plin.
290 2631 418 2675 XXII
442 2636 514 2677 41.
566 2633 688 2676 inter
734 2630 990 2676 sideritidis
1031 2631 1312 2689 cognomina
1358 2632 1483 2696 apud
1530 2630 1734 2674 Dioscor.
1767 2629 1834 2672 IV

147 2694 322 2733 33—-35
354 2689 597 2746 (Sprengel
619 2691 679 2734 ad.
700 2691 898 2735 eundem
928 2706 974 2748 p.
999 2692 1104 2747 588)
1130 2690 1348 2734 Latinum
1371 2689 1677 2762 parietariae
1684 2689 1829 2733 deest.

272 2748 332 2792 76
356 2750 410 2792 H
431 2753 485 2794 75
509 2751 812 2807 Πελαγωνίου
829 2749 946 2807 πρὸς
962 2749 1290 2807 καθημερινὴν
1306 2751 1438 2808 βῆχα.
1471 2746 1628 2805 πράσα
1654 2743 1834 2804 ἑψήσας

151 2809 243 2850 κτλ.
299 2807 360 2850 Μ
381 2813 435 2853 76
459 2808 591 2854 υπδῖ
656 2809 770 2867 Veg.
795 2809 839 2853 V
864 2815 934 2864 64,
961 2814 1014 2853 12
1047 2808 1263 2853 inscribit
1294 2811 1355 2852 ad
1388 2809 1521 2851 levem
1554 2809 1713 2852 iussim
1736 2808 1833 2851 viu-

149 2867 273 2910 toria
302 2872 410 2911 sunt
448 2825 757 2925 expeditaque
779 2870 978 2914 remedia
1017 2870 1065 2913 et
1103 2883 1188 2926 pro
1230 2868 1497 2912 conditurae
1534 2867 1679 2911 habet
1717 2867 1835 2911 iuris

149 2925 202 2969 in
232 2939 319 2982 quo
351 2926 520 2972 decocti
547 2931 656 2972 sunt
678 2929 826 2985 porri.
