2060 3232
807 161 1209 213 —181—

285 290 530 349 iunipiri
567 289 744 380 nigri]
788 289 979 346 ζιζύφου
1021 287 1218 346 μέλανος
1255 286 1615 346 κεκαθαρμένου
1647 290 1711 336 Η.
1774 291 1854 335 ad-

170 351 434 395 dendumne
459 348 689 407 pua-pati?

287 416 380 461 321
414 416 472 460 H
483 419 569 459 286
601 413 818 471 μάλαγμα
849 413 965 469 πρὸς
996 413 1175 469 νεύρων
1208 413 1395 465 πόνους.
1430 421 1576 470 κηροῦ
1603 415 1761 471 λίτραν
1786 415 1855 470 α’,

168 478 338 532 μυελοῦ
372 471 593 530 ἐλαφείου
626 479 679 529 ys)
716 473 785 527 ἐξ,
827 473 1029 545 σμύρνης
1067 481 1123 529 γῦ
1164 471 1227 529 γ’,
1268 472 1349 516 καὶ
1386 479 1468 516 τοῦ
1509 473 1672 529 ξηρίου
1712 473 1854 529 αὐτῆς

168 533 412 591 κοχλιάρια
445 533 515 592 β’·
548 539 696 576 ταῦτα
728 533 863 590 μίξας
893 531 971 575 καὶ
1005 527 1186 587 ἑψήσας
1217 539 1324 588 χρῶ.
1392 533 1452 575 Μ
1485 537 1571 575 114
1605 530 1736 578 ωνς’

285 600 379 645 322
411 600 470 644 H
495 604 580 644 233
614 598 724 643 ἄλλο
755 599 1071 654 Πελαγωνίου.
1121 597 1410 655 λιθαργύρου
1436 599 1596 655 λίτραν
1621 600 1734 654 μίαν
1758 602 1850 642 κτλ.

167 659 390 704 omittens
421 658 596 702 nitrum
629 663 675 701 01,
705 659 836 713 misy.
900 658 960 701 M
989 662 1071 701 121
1110 657 1211 714 905(
1260 658 1563 714 Πελαγωνίου
1604 657 1853 701 καυστικὸν

167 718 362 776 θερμόν.
426 718 483 762 cf.
510 718 570 761 ad
598 721 696 761 177.

288 784 384 829 323
422 784 479 828 Η
504 787 590 828 293
630 782 893 838 κατασκευὴ
934 781 1201 839 φαρμάκου.
1258 783 1424 837 πίσσης
1463 783 1627 838 ξηρᾶς,
1669 780 1856 840 ῥητίνης

164 844 378 899 πιτυΐνης
409 845 501 887 κτλ.
563 843 714 885 multa
747 841 930 897 desunt,
961 845 1070 898 post
1101 842 1240 885 θείου
1275 840 1459 898 ἀπύρου
1485 843 1707 885 inseritur
1738 841 1855 898 μάν-

97 944 99 946 ,
165 920 249 959 νης
280 901 465 960 κρόκου.
527 901 590 945 M
616 903 702 944 120
735 897 890 957 Qus&

285 965 586 1023 scabialis]
628 981 793 1023 parum
831 966 1075 1023 probabile
1115 966 1239 1022 quod
1277 965 1346 1010 De
1378 965 1461 1010 Vit
1498 965 1547 1010 in
1587 965 1856 1011 Forcellinii

167 1028 256 1073 lex.
320 1041 354 1071 s.
386 1041 429 1070 v.
464 1025 832 1071 comminiscitur
871 1024 1127 1070 scabialem
1166 1039 1266 1070 esse
1306 1025 1510 1069 resinam
1549 1025 1610 1069 ad.
1650 1025 1856 1070 scabiem

165 1086 479 1144 pertinentem
518 1086 592 1129 vel
635 1084 810 1129 scabiei
848 1084 1136 1140 medentem,
1177 1099 1281 1128 cum
1323 1086 1413 1129 hoc
1451 1084 1556 1129 loco
1599 1084 1656 1128 de
1697 1085 1854 1129 scabie

172 1160 267 1191 non
299 1145 480 1201 agatur
542 1143 772 1200 interpres
811 1145 951 1187 tacet.
1015 1143 1221 1199 Georges
1261 1143 1349 1188 lex.
1376 1143 1475 1187 VII.
1502 1143 1612 1187 edit.
1653 1145 1855 1188 resinam

163 1218 320 1249 rasam
358 1203 596 1260 intellegit
633 1204 680 1257 (a
718 1202 971 1258 scabendo)
1020 1203 1102 1246 sed
1140 1201 1313 1246 dicitur
1349 1203 1528 1259 potius,
1575 1206 1629 1247 ut
1673 1202 1856 1269 monuit

162 1262 490 1318 Buechelerus‚
521 1263 737 1306 scabialis
766 1263 923 1305 resina
954 1275 1010 1305 ex
1049 1261 1204 1306 scabie
1249 1262 1462 1306 arborum
1506 1263 1628 1315 orta,
1670 1261 1751 1317 qui
1784 1265 1856 1306 est

161 1326 299 1366 notus
331 1322 520 1366 morbus
554 1321 776 1376 olearum,
806 1321 998 1364 ficorum
1030 1321 1114 1377 aL,
1148 1321 1273 1377 apud.
1303 1319 1424 1364 Plin.
1450 1334 1495 1365 n.
1519 1321 1565 1364 h.
1591 1320 1720 1364 XVII
1751 1325 1852 1366 223.

163 1385 249 1425 225
276 1381 353 1438 (cf.
370 1379 523 1424 XXXI
541 1381 629 1438 33),
653 1379 793 1436 ψώρα
818 1380 942 1435 apud
965 1379 1338 1436 Theophrastum
1355 1380 1428 1433 (cf.
1446 1380 1487 1423 J.
1506 1378 1560 1423 G.
1582 1379 1854 1424 Schneider-i

164 1440 270 1484 adn.
304 1440 365 1483 ad
407 1440 638 1496 Theophr.
670 1439 776 1482 hist.
811 1438 957 1495 plant.
991 1437 1058 1482 1V
1092 1443 1148 1482 14
1171 1454 1215 1495 p.
1235 1443 1320 1483 393
1340 1440 1449 1495 sq.);
1490 1453 1657 1495 parum
1696 1438 1854 1482 differt

163 1501 340 1544 asclosa
371 1503 471 1554 384,
495 1499 544 1542 id
568 1500 638 1542 est
674 1497 871 1542 rescissa
895 1511 998 1541 cum
1023 1497 1188 1541 astulis
1220 1499 1281 1554 (v.
1314 1498 1450 1554 adn).
1493 1497 1673 1541 duobus
1698 1499 1855 1542 autem

165 1557 282 1602 locis
316 1558 432 1614 Veg.
458 1556 659 1601 similem
690 1557 1025 1601 commemorat
1055 1556 1098 1600 V
1122 1561 1193 1612 53,
1219 1561 1269 1612 2,
1299 1556 1381 1601 ubi
1412 1555 1721 1601 Schneiderus
1746 1556 1854 1601 Cor-

161 1616 399 1661 beiensem
423 1617 608 1660 secutus
646 1615 824 1672 recepit
862 1617 1058 1660 0110001ῖο
1097 1616 1306 1672 (cabialis
1343 1615 1500 1672 vulgo,
1532 1616 1734 1660 cabulem
1765 1615 1855 1660 Go-

166 1676 379 1733 t-hanus),
419 1674 546 1719 idem
571 1675 636 1717 VI
662 1678 732 1730 14,
761 1680 783 1718 1
826 1675 1038 1731 (cabialis
1083 1675 1159 1718 vel
1202 1675 1374 1719 abiales
1404 1674 1481 1718 vel
1512 1674 1674 1719 abietis
1711 1673 1852 1731 libri).

167 1736 364 1780 cadialis
411 1734 534 1778 Cael.
567 1733 726 1779 Aurel.
760 1734 916 1778 chron
949 1734 992 1777 II
1018 1738 1043 1777 '7
1076 1735 1136 1790 (p.
1164 1737 1250 1777 385
1291 1732 1519 1789 Amman).

289 1794 383 1838 326
416 1792 543 1837 idem
572 1793 669 1837 fere
702 1795 774 1837 est
805 1797 905 1839 318.

281 1859 372 1904 327
415 1860 590 1904 lemma
655 1858 796 1903 fuerit
832 1857 1164 1918 (compositio)
1195 1859 1404 1915 pastilli,
1444 1858 1499 1902 cf.
1527 1863 1596 1902 94.
1622 1862 1722 1903 401.
1762 1858 1855 1915 ipsi

167 1918 348 1976 pastilli
378 1917 428 1962 in
460 1918 667 1963 remedio
698 1931 792 1962 non
823 1920 1155 1963 memorantur.

285 1985 733 2042 crocomagmae]
788 1986 872 2028 aut
908 1983 979 2028 ita
1018 1986 1100 2029 aut
1146 1985 1268 2029 croci
1311 1998 1521 2029 mannae.
1582 1984 1765 2040 pondus
1797 1998 1854 2028 ex

162 2044 362 2090 aliorum
395 2058 622 2088 consensu
654 2042 829 2087 addidi.

283 2109 546 2165 turbisci]
583 2109 843 2154 turbiscum
875 2109 1065 2154 Graecis
1098 2123 1198 2153 esse
1230 2108 1402 2153 κόκκον
1433 2110 1633 2152 Κνίδιον
1665 2107 1851 2152 Cassius

164 2168 297 2213 Felix
338 2169 477 2213 docet
517 2174 635 2214 0.·16
674 2170 740 2225 (p.
770 2173 856 2212 184
887 2168 1044 2236 Ense).
1091 2168 1148 2213 cf.
1181 2168 1299 2212 Plin.
1324 2167 1519 2211 XXXIII
1552 2172 1622 2212 88.
1685 2167 1847 2211 Isidor.

169 2227 370 2285 Etymol.
411 2227 542 2272 XVII
582 2233 629 2282 7,
670 2232 740 2272 56.
817 2227 986 2270 Rosius
1031 2228 1080 2270 in
1137 2226 1291 2271 indice
1347 2226 1455 2271 edit.
1506 2225 1631 2271 Cass.
1679 2225 1852 2270 Felicis

166 2302 211 2343 p.
239 2292 325 2331 208
351 2301 444 2342 seq.
509 2285 643 2342 Corp.
669 2287 864 2342 glossar.
889 2285 954 2328 III
979 2290 1079 2340 538,
1108 2291 1183 2338 113
1217 2290 1317 2340 595,
1344 2290 1420 2338 603
1455 2291 1555 2341 629,
1581 2289 1652 2330 57.

283 2345 378 2389 328
413 2346 474 2388 M
503 2349 557 2389 52
592 2345 705 2401 σπη’
741 2345 857 2402 πρὸς
887 2350 1114 2389 παντοῖον
1147 2343 1289 2396 ἕλκος.
1359 2343 1562 2401 σμύρνης
1591 2352 1645 2400 ’γὸ
1678 2342 1741 2399 ς’,
1775 2342 1855 2401 με’-

167 2407 288 2454 λιτος
330 2404 544 2455 κυάθους
590 2403 653 2463 β’,
702 2404 936 2458 ἀψινθίου
986 2404 1036 2448 τὸ
1077 2404 1254 2461 ἀρκοῦν
1305 2404 1516 2447 λείωσον·
1578 2402 1755 2478 ἕψησον
1800 2403 1852 2447 δὲ

165 2461 322 2507 ἔλαιον
354 2463 435 2506 καὶ
446 2463 631 2536 κηρὸν,
678 2461 817 2507 ἔασον
856 2468 1088 2538 ψυγῆναιΡ
1105 2463 1156 2507 τὸ
1201 2463 1436 2537 ἀψίνθιον
1476 2462 1557 2506 καὶ
1596 2459 1849 2506 ἐπίπασον·

164 2521 320 2566 πάντα
352 2521 404 2566 δὲ
438 2517 489 2566 ἒν
520 2523 672 2595 ταυτῷ
704 2521 918 2579 φυράσας
950 2519 1028 2566 ἐπὶ
1060 2518 1232 2579 ράκους
1266 2518 1525 2572 ἐπιπλάσας
1555 2520 1745 2565 ἀπόθου
1772 2517 1851 2564 ἐπὶ

166 2582 225 2638 (ti
230 2582 302 2625 ad
339 2579 421 2635 ἔτι)
449 2580 623 2638 ἡμέρας
646 2581 694 2638 γ’
722 2581 867 2641 τούτῳ
892 2581 973 2625 καὶ
1004 2586 1066 2640 τῷ
1091 2580 1221 2641 πόνῳ
1246 2581 1327 2625 καὶ
1357 2587 1412 2638 τῇ
1439 2584 1689 2637 φλεγμονῃ,
1721 2579 1848 2623 πάνυ

165 2639 254 2698 γάρ
287 2636 411 2684 ἔστιν
443 2639 633 2696 ἀληθές.

285 2707 380 2751 329
411 2706 508 2752 330
553 2707 611 2751 H
636 2712 723 2751 290
770 2706 1071 2764 ἀνακόλλημα
1109 2707 1225 2763 πρὸς
1267 2706 1443 2763 ἀρμους
1481 2705 1562 2749 καὶ
1602 2702 1737 2760 σκέλη
1770 2704 1852 2748 καὶ.

164 2766 389 2816 ὑδατίδας
421 2769 467 2810 et
498 2766 798 2823 ἀνακόλλημα
815 2766 931 2823 πρὸς
962 2765 1156 2823 ἀρμούς·
1191 2765 1375 2823 κρόκου,
1410 2764 1618 2823 λιβάνου,
1651 2763 1848 2820 ἀλεύρου

165 2827 258 2868 κτλ.
301 2839 385 2881 pro
418 2826 580 2881 μίκτου
613 2827 763 2869 scribe
788 2826 962 2882 μίλτου,
996 2826 1053 2869 cf
1078 2825 1353 2870 Eichenfeld
1377 2824 1545 2867 Annal.
1570 2821 1771 2867 Vindob.
1790 2826 1848 2864 44

163 2898 209 2939 p.
237 2888 334 2928 148.
383 2884 556 2928 Mne
588 2901 623 2927 ω
627 2884 723 2943 β
774 2884 909 2941 coqy'.

284 2942 378 2987 331
414 2942 508 2987 332
541 2943 599 2986 Η
624 2949 710 2988 286
754 2942 1055 2999 ἀνακόλλημα
1087 2941 1330 3000 ψυκτικόν.
1379 2940 1550 2999 κρόκου
1583 2946 1636 2997 γό
1668 2937 1720 2994 ἓξ
1753 2942 1846 2984 κτλ.
