2060 3232
826 135 1194 188 -89-

171 271 362 320 faciant
400 285 600 334 corpus3
639 269 754 318 inde
792 270 941 319 bacas
988 270 1121 318 lauri
1172 285 1286 319 cum
1331 269 1463 318 nitro
1511 273 1561 318 et
1606 272 1733 320 lacte
1773 288 1853 321 ca-

169 345 314 408 prino
354 344 554 393 decocto
594 359 709 392 cum
746 344 893 393 melle
933 346 984 392 et
1021 346 1139 392 ruta
1185 345 1237 393 et
1273 343 1443 406 pipere
1490 343 1603 392 albo
1651 348 1702 393 et
1740 362 1854 394 cum

172 433 261 467 suo
302 418 543 482 sanguine
581 417 878 480 potionabis,

281 491 410 539 Item
448 491 512 539 ad
551 491 909 556 opisthotonos,
948 491 1173 540 Emeriti.
1238 492 1354 539 ante
1387 490 1554 540 omnia
1585 492 1853 540 cauteriari
1871 495 1965 541 272

128 573 149 606 5
175 566 373 627 oportet
411 566 463 613 et
499 567 713 627 prosunt
751 565 941 614 calidae
979 565 1229 629 potioneS,
1270 566 1362 613 aut
1398 565 1530 613 laser
1567 567 1659 613 aut
1702 566 1854 628 cymi-

169 654 292 686 num
316 640 406 686 aut
423 639 664 687 anethum
687 641 779 687 aut
809 639 967 688 alium
998 641 1090 687 aut
1117 639 1270 688 bacae
1302 638 1459 687 lauri:
1490 638 1670 688 110111111
1701 640 1855 702 quod-

171 728 384 774 cumque
423 712 604 762 cotidie
643 729 758 762 cum
802 713 920 762 vino
968 713 1143 761 datum
1188 712 1418 776 perducit
1463 712 1527 760 ad
1573 713 1854 761 sanitatem.

280 786 410 834 Item
453 786 626 835 unctio
675 785 852 848 Optati
899 786 963 834 ad
1015 803 1187 835 curam
1234 785 1638 849 suprascriptam.
1716 803 1855 836 cerae
1873 787 1968 834 273

53 919 56 922 Ι
169 859 284 924 1111.,
336 859 530 908 resinae
581 885 644 893 -
693 860 816 924 ΠΠ,
865 861 1166 922 opopanacis
1209 886 1276 894 —
1317 860 1389 924 Π,
1451 860 1701 909 medullae
1755 877 1856 909 cer-

108 942 150 975 10
173 934 318 982 vinae
348 960 410 967 —
446 933 519 998 Π,
567 933 665 982 0161
711 934 952 996 styracini
985 961 1054 967 —
1093 934 1199 998 IH,
1255 934 1353 983 olei
1405 933 1592 982 laurini
1635 960 1697 968 -—
1733 934 1858 984 IIII:

169 1008 293 1056 haec
332 1007 500 1056 omnia
537 1007 757 1070 decoque
797 1009 847 1056 et
885 1007 938 1055 in
977 1008 1080 1057 sole
1120 1010 1212 1056 aut
1248 1007 1302 1055 in
1339 1008 1448 1056 loco
1495 1008 1655 1056 calido
1701 1010 1856 1057 utere.

281 1080 410 1129 Item
449 1080 550 1129 alia
576 1081 748 1130 unctio
787 1081 1012 1130 Emeriti.
1071 1097 1211 1131 cerae
1255 1081 1341 1130 lib.
1382 1083 1434 1130 et
1470 1081 1594 1143 picis
1633 1081 1855 1145 liquidae
1874 1082 1970 1128 274

170 1154 270 1219 lib.,
305 1155 606 1217 opopanacis
641 1155 741 1219 lib.,
784 1155 881 1204 olei
910 1155 1030 1204 boni
1062 1158 1204 1204 sext:
1251 1156 1374 1204 haec
1415 1155 1581 1204 omnia
1621 1155 1856 1219 decoquis

172 1230 223 1277 et
259 1230 531 1291 postquam
576 1228 845 1293 decoxeris,
885 1229 1038 1293 iunge
1078 1229 1208 1278 aceti
1247 1229 1382 1291 quod
1420 1228 1618 1277 sufficit.

6 1295 36 1371 ’Κ
104 1310 147 1343 15
281 1302 411 1350 Item
457 1302 571 1350 alia.
633 1303 787 1351 bacae
833 1303 966 1351 lauri
1013 1305 1148 1366 sext,
1188 1303 1374 1366 cymini
1420 1304 1562 1366 sext,
1602 1303 1856 1365 sulphuris
1875 1301 1969 1348 275

6 1378 9 1388 ’
171 1375 276 1425 vivi
312 1403 373 1411 --
402 1376 493 1440 IH,
540 1376 745 1440 galbani
780 1403 843 1409 —
871 1376 969 1441 ΠΙ,
1015 1377 1209 1425 resinae
1241 1371 1348 1440 <-
1373 1373 1448 1442 Ι>,
1498 1376 1596 1425 0161
1634 1378 1752 1425 sext.
1785 1377 1858 1425 H:

171 1450 295 1498 haec
335 1450 578 1512 decoques
618 1452 669 1499 et
708 1450 778 1499 sic
814 1450 985 1499 uteris.

454 1641 637 1689 XVIII.
699 1642 781 1690 De
831 1641 1114 1690 dentibus
1163 1641 1423 1690 omnium
1469 1641 1571 1689 ait.

284 1744 462 1807 Equus
485 1744 638 1793 habet
661 1744 832 1793 dentes
856 1744 1010 1809 XLII,
1050 1760 1181 1807 equa
1203 1743 1427 1808 XXXVI,
1466 1745 1606 1792 mula
1629 1744 1858 1809 XXVIII,
1876 1743 1972 1790 276

12 1846 14 1849 >
108 1826 150 1858 20
175 1817 345 1866 asinus
376 1818 586 1882 XXXII,
642 1819 784 1867 asina
820 1819 980 1883 XXV,
1036 1818 1164 1866 aries
1195 1818 1411 1882 XXHII,
1466 1818 1647 1867 verbex
1676 1818 1859 1882 XXIII,

12 1890 14 1892 ’
177 1892 283 1941 ovis
321 1893 458 1956 XXI,
512 1892 680 1941 hircus
711 1893 870 1958 XXV,
919 1908 1071 1955 capra
1108 1890 1155 1940 ᾗ.
1196 1892 1413 1956 XVIIII,
1461 1894 1639 1939 taurus
1682 1892 1860 1956 XXVI,

173 1965 262 2014 bos
311 1968 560 2015 castratus
606 1967 821 2031 XXIIII,
876 1982 1029 2016 vacca
1059 1964 1105 2014 fi.
1138 1966 1354 2030 XXIIII,
1407 1966 1555 2014 homo
1608 1966 1862 2014 masculus

173 2038 221 2088 fi.
254 2040 456 2105 XXXII,
497 2041 650 2103 spado
682 2038 729 2090 fi.
761 2041 1019 2105 XXVIIII,
1058 2040 1241 2088 mulier
1270 2038 1316 2088 fi.
1349 2039 1498 2087 XXX.

11 2157 26 2181 ἶ,
286 2114 515 2163 Pondera
554 2130 672 2163 sane
710 2114 884 2163 Attica
921 2114 1230 2163 nostratibus
1269 2113 1343 2161 ita
1390 2114 1765 2177 comparantur,
1803 2114 1864 2161 ut
1880 2108 1971 2156 277

109 2193 151 2227 25
177 2185 386 2252 dragma
446 2203 550 2235 una
611 2188 678 2235 sit
739 2183 863 2250 sc‘fp.
908 2188 986 2235 ΠΙ
1026 2202 1069 2252 6,
1125 2187 1296 2236 cotula
1357 2186 1454 2235 olei
1513 2186 1744 2247 ponderis
1800 2186 1866 2234 sit

18 2255 22 2258 ’
178 2254 320 2322 661ἶῂ
352 2261 452 2308 VII
475 2276 519 2324 6,
558 2261 612 2309 id
657 2263 734 2310 est
779 2261 949 2324 cyathi
978 2261 1052 2308 VI
1076 2276 1119 2324 s3
1169 2260 1339 2309 obolos
1384 2259 1580 2308 Atticos
1621 2260 1866 2308 sextarius

180 2334 416 2399 dragmae
457 2336 544 2383 est.

4 2507 25 2564 3·
297 2494 326 2533 4
343 2487 595 2534 cantheriri
628 2491 645 2546 ΙΙ
669 2493 695 2534 5
714 2489 884 2550 callide
908 2490 923 2547 ΙΙ
947 2494 972 2534 6
990 2490 1180 2534 anetum
1207 2488 1215 2546 Ι
1242 2487 1405 2532 allium
1432 2490 1440 2546 Ι
1467 2489 1580 2533 11366
1604 2489 1620 2544 ss
1658 2492 1867 2544 9apopa-

9 2571 21 2585 κ
176 2548 424 2605 1136161110
459 2549 678 2593 storacini
700 2550 716 2606 ΙΙ
750 2555 806 2593 13
835 2548 1123 2606 ypopanacis
1154 2549 1169 2604 ΙΙ
1210 2551 1265 2591 14
1295 2561 1419 2604 unge
1456 2548 1472 2602 ΙΙ
1512 2551 1565 2591 15
1599 2548 1716 2590 baca
1753 2548 1768 2602 ss
1808 2550 1862 2589 16

178 2606 213 2674 <
239 2606 273 2666 >
306 2608 472 2652 addidi
494 2621 549 2652 ex
575 2608 637 2651 M
655 2610 672 2664 ΙΙ
696 2612 750 2652 17
774 2608 860 2652 1160
884 2609 900 2665 ΙΙ
924 2613 981 2652 24
1003 2605 1291 2652 nostratibus
1316 2606 1585 2652 Sarchiani:
1609 2607 1868 2649 monstran-

176 2666 305 2710 tibus
336 2665 382 2710 R
403 2667 419 2723 ΙΙ
442 2670 498 2710 27
531 2666 725 2724 dragma
