2060 3232
861 93 1180 146 -3-

179 231 428 279 coriandri
456 243 648 284 sucum,
679 231 866 290 sinapi,
907 232 1201 291 opopanacis
1220 231 1484 291 paululum
1515 247 1623 282 cum
1651 231 1735 295 [in
1765 235 1862 284 alio

171 306 334 353 inveni
378 304 685 364 simularunt
729 305 993 364 specierum
1028 319 1085 364 p.
1131 307 1368 364 quaterna
1413 306 1538 354 dena
1592 321 1711 363 esse,
1764 324 1862 357 non

170 381 408 438 quaterna
454 379 578 426 sicut
621 392 775 438 supra
819 379 1052 437 scriptum
1098 375 1194 438 est]
1240 379 1401 427 mulsa
1447 383 1491 427 et
1535 381 1633 428 oleo
1678 383 1861 431 modico

170 452 324 500 dabis.
388 452 615 514 spectare
655 450 1035 499 adnotationem
1066 451 1210 499 illam
1238 452 1382 500 uncis
1413 452 1659 501 inclusam
1691 455 1755 502 ad
1785 472 1861 504 re-

170 525 393 573 medium
425 525 604 587 capitis
635 524 978 587 praecedentis
1015 526 1120 573 114
1161 519 1229 591 (p.
1258 528 1326 575 38
1360 526 1435 574 ed.
1469 521 1663 593 Sarch.)
1703 530 1860 576 mani·

169 599 358 647 festum
379 601 456 647 est
479 598 729 661 facileque
753 598 992 647 confundi
1007 601 1246 662 poterant
1259 616 1315 661 p.
1334 600 1389 648 X
1406 601 1547 649 IIII
1563 602 1609 650 h.
1630 617 1669 651 e.
1695 602 1859 664 pondo

171 672 493 721 denariorum
533 675 777 736 quattuor
818 674 869 721 et
906 689 960 734 p.
998 674 1188 722 XIIII
1220 675 1267 722 h.
1302 691 1342 723 e,
1388 675 1554 737 pondo
1595 678 1859 739 quattuor-

169 746 342 794 decim.
406 763 466 795 ex
494 746 690 795 duobus
717 747 821 795 illis
849 747 1102 796 codicibus
1132 739 1187 814 (oc
1211 750 1262 796 et
1285 741 1356 815 β),
1395 765 1520 812 quos
1544 750 1711 798 nescio
1747 748 1859 814 quis

170 820 401 868 adhibuit
452 820 516 868 ad
566 820 980 869 conscribendum
1029 821 1292 885 Pelagonii
1342 824 1625 886 exemplum
1666 817 1766 890 (y),
1806 825 1861 872 in

169 894 537 957 subscriptione
553 895 803 956 pluralem
819 895 1035 943 nominis
1052 895 1443 959 Pelagoniorum
1458 897 1804 946 Saloninorum
1816 892 1859 964 ¹)

171 994 238 1000 -—
265 968 340 1015 ita
372 968 504 1016 enim
529 968 846 1017 scribendum
867 969 1072 1019 videtur
1092 986 1184 1032 pro
1208 970 1572 1020 Saloniniorum
1594 998 1668 1006 —
1692 974 1861 1020 ortum

169 1057 276 1090 esse
307 1042 607 1105 putaverim.
672 1045 885 1091 stemma
916 1043 1078 1105 igitur
1109 1044 1336 1093 codicum
1369 1046 1590 1096 efficitur
1619 1047 1711 1099 hoc

388 1204 671 1262 Pelagonius
697 1223 729 1250 α
774 1205 1056 1262 Pelagonius
1083 1209 1111 1266 β

715 1282 1082 1466 Ns

880 1481 910 1545 ⁷*

1074 1707 1098 1756 ’ρ
1131 1698 1412 1755 archetypus
1442 1699 1670 1745 Politiani

1061 2026 1108 2071 R
1137 2022 1476 2068 Riccardianus

279 2191 342 2240 II.
400 2190 477 2237 Ex
521 2190 616 2238 hoc
662 2206 763 2238 uno
810 2189 977 2238 codice
1024 2187 1268 2251 neglectis
1316 2187 1429 2234 aliis
1477 2187 1714 2235 subsidiis
1756 2189 1858 2237 edi-

165 2265 355 2313 tionem
386 2264 611 2312 instituit
650 2263 995 2326 Sarchianius‚
1027 2277 1152 2324 opus
1184 2261 1291 2309 eius
1323 2262 1484 2309 morte
1514 2260 1859 2324 interruptum

169 2337 374 2387 Oionius
422 2338 612 2386 amicus
659 2337 889 2386 absolvit.
958 2336 1145 2384 librum
1192 2337 1363 2383 autem
1414 2334 1621 2382 illorum
1664 2336 1858 2384 mendis

170 2414 360 2461 scatere
399 2427 562 2474 neque
603 2413 837 2460 accurate
878 2427 937 2458 ex
976 2410 1142 2458 codice
1174 2409 1480 2471 exscriptum
1520 2424 1627 2457 esse
1667 2410 1858 2458 dudum

290 2597 333 2653 1)
363 2595 559 2652 Propter
592 2595 802 2640 Salonini
833 2608 1093 2651 cognomen
1125 2594 1308 2639 Osanno
1339 2594 1370 2638 l.
1405 2607 1442 2638 e.
1475 2609 1519 2650 p.
1549 2598 1602 2637 17
1641 2593 1692 2637 in
1729 2608 1856 2638 men-

166 2656 266 2699 tem
288 2655 419 2699 venit
447 2669 507 2699 ne
530 2655 653 2698 forte
678 2653 871 2698 Salonas
895 2653 1162 2698 Dalmatiae
1186 2652 1432 2709 Pelagonii
1460 2652 1662 2709 patriam
1693 2653 1856 2696 urbem

169 2714 311 2759 fuisse
337 2713 553 2758 concludi
576 2713 739 2771 possit.
787 2715 914 2757 certe
939 2711 1186 2757 Saloninus
1211 2711 1450 2756 derivatur
1480 2726 1509 2755 a
1534 2710 1716 2756 Salonis
1739 2712 1856 2757 urbe

165 2775 279 2818 tunc
319 2773 667 2828 florentissima,
710 2773 793 2816 ubi
830 2771 1151 2816 Diocletianus
1192 2770 1490 2815 Salonitanus
1520 2773 1628 2826 post
1658 2783 1856 2827 regnum

169 2832 439 2876 abdicatum
486 2831 630 2888 degit.
709 2831 948 2875 ethnicum
1002 2830 1268 2887 legitimum
1317 2828 1615 2874 Salonitanus
1662 2830 1732 2875 est
1777 2831 1854 2886 (cf.

166 2891 426 2935 Mommsen
459 2890 592 2947 Corp.
624 2891 758 2936 inser.
791 2890 943 2935 Latin.
975 2889 1042 2934 III
1073 2906 1116 2947 p.
1142 2890 1261 2945 304).

1502 2962 1561 3004 1²⁵²
