2060 3232
863 104 1265 157 ——148—

230 240 312 279 τοῦ
339 234 618 291 οὐρανίσκον
636 233 799 277 κατιὸν
817 229 1086 290 ἐπέχεσθαι.
1111 233 1291 279 habent
1313 234 1496 279 codices
1516 233 1916 291 cantabrigiensis

237 295 286 338 et
307 293 632 338 Londiniensis
657 293 859 338 auctoris
883 292 1073 337 nomine
1097 307 1191 338 non
1216 293 1465 362 adscripto.
1522 294 1637 350 Veg.
1651 293 1716 337 ΙΠ
1728 297 1800 350 34,
1812 298 1852 338 2.
1872 298 1913 337 3.

348 352 395 396 si
439 353 612 397 edere
650 365 762 395 non
801 351 1083 425 potuerit]
1122 366 1239 409 quae
1285 366 1355 397 res
1400 354 1442 397 si
1487 353 1668 397 tardius
1709 354 1917 397 subvenit

229 411 472 468 Vegetius,
506 409 551 455 εἰ
579 410 631 455 δὲ
663 417 810 454 ταῦτα
843 406 1049 485 ἐπισχεῖν
1072 410 1124 454 τὸ
1148 414 1330 467 πλῆθος
1352 418 1434 455 τοῦ
1460 412 1654 468 αιματος
1678 411 1739 468 μὴ
1772 413 1916 468 δυνη-

226 474 378 515 θῶσιν
403 471 466 514 Μ
483 469 547 526 (εἰ
568 468 620 514 δὲ
645 476 792 513 ταῦτα
817 470 901 514 οὐκ
927 467 1164 527 ἐνεργήσει
1188 469 1407 515 Cantabr.
1433 472 1481 514 et
1502 470 1728 527 Londin..)
1762 483 1915 515 emen—

231 531 422 575 datione
452 530 598 598 igitur
629 543 733 573 cum
766 542 880 585 opus
912 543 1013 573 esse
1037 529 1264 582 videatur,
1297 529 1505 584 cogitare
1529 530 1678 586 possis
1701 531 1743 575 si
1765 531 1917 574 sistere

226 602 320 634 non
349 589 558 645 potueris
602 587 677 632 vel
718 587 996 644 simplicius,
1042 587 1092 630 id
1138 564 1264 653 quod
1303 587 1614 632 Buechelerus
1657 589 1915 646 proposuit,

226 651 270 693 si
299 649 448 693 sedere
479 661 574 692 non
597 648 793 720 poterim
825 647 955 690 sedet
986 645 1175 702 sanguis
1207 645 1288 701 qui
1320 645 1381 689 si
1372 646 1514 690 titur.

346 707 408 751 66
440 707 496 750 Η
515 710 597 750 301
634 704 744 749 ἄλλο
769 706 1085 762 Πελαγωνίου.
1120 706 1213 761 ἴριν
1238 704 1353 762 μετὰ
1377 703 1556 778 μέλιτος
1580 706 1790 762 μαλάξας
1820 709 1914 750 κτλ.

230 766 293 811 Μ
308 770 390 810 137
410 782 498 827 ᾳοη
508 765 840 821 ’Πελαγωνίον
855 764 970 821 πρὸς
987 767 1195 820 γλῶσσαν
1213 762 1526 839 κεκομμένην.
1554 767 1611 809 cf.
1629 765 1917 837 Veg.11131.

346 838 407 869 eo
453 826 542 868 die
584 827 638 869 et
670 824 717 868 si
758 825 1113 896 perseverat]
1147 822 1262 880 μετὰ
1294 825 1405 880 μίαν
1437 821 1617 880 ἡμέραν
1649 825 1776 880 (μιᾶς
1806 821 1919 881 ἡμέ-

229 901 313 942 ρας
335 885 404 941 Η)
428 884 570 927 πάλιν
594 890 649 941 τῇ
674 883 790 940 αὐτῇ
815 880 1012 940 κέχρησο
1037 882 1267 942 μεθόὸῳ’
1248 882 1356 940 ἄχρι
1380 889 1460 939 τῆς
1476 884 1652 934 τελείας
1670 882 1834 933 ἰασεως
1861 883 1917 928 Ρ.

231 943 530 988 Sarchianius
562 941 694 987 dedit
724 943 887 987 cotidie
927 948 969 986 et
998 944 1065 987 sic
1089 956 1327 999 persevera
1365 941 1537 986 rectius
1575 943 1796 997 fortasse,
1837 942 1919 986 sed

229 1004 392 1047 contra.
422 1002 532 1046 libri
562 1001 717 1057 fidem,
749 1015 890 1057 quam
921 1001 1077 1045 firmat
1107 1001 1350 1058 interpres.
1399 1003 1455 1046 cf.
1482 1005 1568 1046 310
1599 1003 1641 1046 si
1658 1015 1916 1059 persevera-

227 1063 358 1117 ierit,
388 1062 513 1106 urite
543 1062 781 1104 subtiliter.

349 1120 408 1164 67
443 1120 501 1164 Η
520 1124 604 1163 252
638 1118 748 1163 ἄλλο
780 1123 948 1175 χρῖσμα
979 1122 1199 1174 κεφαλῆς.
1263 1120 1325 1163 Μ
1347 1124 1402 1163 96
1435 1116 1556 1175 χξαῖ

347 1178 409 1223 68
443 1182 492 1222 H
515 1182 569 1223 62
603 1184 749 1235 κηροῦ
782 1176 993 1234 δραχμὰς
1031 1177 1111 1233 κη’
1146 1180 1238 1223 κτλ.
1301 1179 1516 1223 lacunam
1556 1179 1740 1235 explevi
1780 1193 1836 1222 ex
1868 1179 1924 1222 Η

233 1239 281 1283 et
317 1251 373 1282 ex
403 1237 685 1293 glossemate
726 1236 851 1291 quod
892 1235 1243 1293 compositionis
1283 1236 1522 1292 sequentis
1562 1251 1821 1282 sermonem
1851 1237 1919 1281 in-

233 1297 363 1341 cidit.
436 1296 492 1340 cf.
526 1297 645 1340 Mus.
678 1296 824 1339 Rhen.
857 1299 914 1339 46
939 1311 983 1352 p.
1011 1299 1096 1340 372
1142 1296 1338 1352 (proleg.
1363 1312 1409 1353 p.
1435 1297 1494 1354 2).
1535 1295 1709 1341 lemma
1747 1298 1849 1342 cod.
1877 1297 1923 1340 P

233 1356 439 1402 servavit
468 1355 585 1412 πρὸς
615 1356 884 1411 παρωτίδας
914 1353 995 1398 καὶ
1026 1354 1265 1411 χοιράδας.

352 1415 414 1459 69
446 1415 562 1470 Veg.
588 1414 654 1457 III
679 1419 733 1458 32
765 1416 807 1458 si
837 1416 1036 1459 iumento
1068 1415 1370 1459 loculamenta
1400 1415 1622 1471 dentium,
1652 1415 1704 1460 id
1733 1419 1798 1459 est
1819 1415 1920 1472 yi‘n-

231 1476 376 1532 9ivae,
408 1475 477 1519 vel
507 1475 659 1518 dentes
690 1474 919 1518 doluerint
950 1487 988 1517 e.
1012 1487 1058 1546 q.
1084 1488 1119 1518 s.
1181 1473 1240 1519 cf.
1265 1474 1326 1517 ad
1351 1479 1419 1518 68.

354 1534 414 1577 70
452 1533 515 1577 Μ
539 1537 595 1577 29
628 1532 706 1590 ρκ’
755 1532 878 1605 πρὸς
910 1529 1024 1576 αὐτό
1065 1533 1324 1589 (praeeedit
1361 1532 1521 1589 Pelag.
1554 1533 1641 1590 56).
1705 1532 1921 1590 ὀξύγγιον

232 1592 433 1637 παλαιὸν
466 1608 581 1649 μετα
605 1589 1000 1648 καθαρισθέντων
1026 1591 1235 1649 σκόρδων
1260 1590 1465 1636 κοπέντα
1489 1595 1713 1649 καθαρῶς
1746 1590 1811 1643 εἰς
1840 1591 1923 1642 τὰς

232 1653 433 1726 μαξίλας
457 1658 539 1695 τοῦ
580 1652 725 1695 ἵππου
757 1652 1036 1707 παρατίθει,
1070 1652 1123 1695 οὐ
1156 1651 1247 1708 μὴν
1287 1651 1404 1695 ἀλλὰ
1442 1652 1523 1696 καὶ
1559 1651 1641 1702 τὰς
1681 1651 1924 1709 φάρυγγας

235 1712 377 1755 αὑτοῦ
412 1707 460 1764 ἐξ,
492 1711 636 1754 αὐτοῦ
668 1726 902 1767 καταχριε.

350 1769 460 1827 Cap.
495 1770 572 1814 VI.
641 1769 797 1814 Verba
837 1770 1116 1826 Pelayonius
1162 1770 1367 1828 Arzyyio
1417 1771 1487 1815 ait
1523 1770 1571 1814 in
1612 1769 1772 1814 codice
1812 1771 1921 1814 ante

235 1829 402 1886 capitis
435 1829 607 1872 lemma
639 1829 814 1885 scripta,
844 1828 1086 1886 leguntur,
1119 1830 1341 1885 apopiras
1372 1829 1596 1887 Pelayoni
1628 1829 1689 1873 ad
1720 1829 1920 1885 primum

230 1889 488 1932 remedium
520 1890 747 1944 spect-ant,
779 1901 870 1931 non
906 1888 967 1931 ad
998 1888 1151 1931 totum
1182 1889 1337 1944 caput.

355 1947 412 1991 71
447 1947 502 1990 .H
522 1952 575 1991 31
611 1946 735 1990 ἄλλο.
792 1945 995 2003 σκόροδα
1034 1945 1239 1990 Pamin&
1278 1948 1546 2003 καθαρίσας
1584 1946 1665 1990 καὶ
1709 1941 1759 1990 ἐν
1801 1946 1921 2006 ὅλμῳ

233 2006 386 2062 κόψας
417 2009 510 2050 κτλ.
574 2006 632 2049 cf.
660 2010 728 2051 75.
755 2009 826 2049 83.

353 2079 504 2109 arum
540 2063 843 2122 Gallicum]
877 2077 1060 2120 semper
1098 2064 1168 2108 ita.
1198 2064 1247 2108 in
1279 2064 1326 2109 R
1357 2065 1535 2122 scripta
1573 2066 1746 2122 legitur
1775 2064 1924 2109 herba

234 2125 372 2180 haec,
420 2125 476 2167 de
525 2137 618 2179 qua
662 2138 834 2180 magna,
879 2123 930 2167 in
976 2123 1110 2167 libris
1157 2138 1299 2168 manu
1345 2124 1531 2181 scriptis
1579 2125 1652 2168 est
1698 2124 1920 2168 confusio.

232 2185 511 2240 interpretes
542 2182 825 2239 intellegunt
864 2182 1114 2240 σκόροδον,
1145 2183 1190 2226 h.
1218 2197 1257 2227 e.
1291 2183 1458 2238 alium,
1490 2183 1670 2227 duobus
1700 2182 1816 2227 locis
1848 2197 1922 2228 ex-

235 2244 383 2299 ceptis
418 2247 516 2286 191.
543 2247 653 2297 261,
685 2241 769 2286 ubi
799 2242 1006 2298 genetivi
1042 2241 1291 2286 traduntur
1331 2240 1485 2299 ἰαρίου
1527 2245 1772 2288 Γαλλικοῦ.
1832 2241 1925 2287 huc

235 2302 420 2358 spectat
448 2301 564 2358 Veg
590 2301 611 2343 I
641 2307 693 2346 18
727 2301 873 2346 alium
902 2302 1053 2346 ‘maius
1083 2302 1203 2357 quod
1245 2302 1434 2358 quidam
1473 2301 1707 2347 Gallicum
1745 2306 1922 2348 vocant.

238 2359 350 2415 quid
382 2360 445 2404 sit
475 2361 788 2417 anayallicum
819 2359 1031 2417 Vegetii,
1065 2359 1375 2405 Schneiderus
1410 2360 1621 2417 disputat
1652 2361 1713 2405 ad
1737 2359 1803 2404 VI
1829 2365 1872 2416 8,
1895 2364 1924 2403 4

233 2435 278 2485 p.
307 2423 391 2463 108
415 2431 583 2476 parum
606 2418 824 2462 dilucide.
873 2421 997 2463 certe
1023 2420 1100 2463 ari
1126 2419 1298 2464 Gallici
1320 2419 1558 2477 vestigia
1545 2435 1594 2464 m
1616 2420 1748 2464 libris
1773 2420 1923 2475 Vege-

237 2477 382 2522 tianis
421 2491 516 2521 non
555 2478 735 2522 desunt.
805 2490 861 2520 ex
902 2476 960 2521 iis
1001 2478 1158 2522 autem
1199 2491 1318 2533 quae
1358 2478 1538 2522 Plinius
1579 2479 1635 2522 de
1675 2480 1771 2533 alo,
1813 2479 1923 2533 alio,

233 2538 339 2583 halo
378 2537 568 2581 confuse
606 2538 769 2580 narrat
805 2537 906 2580 nat.
946 2535 1058 2580 hist.
1085 2536 1261 2581 XXVII
1285 2541 1357 2581 41.
1403 2537 1555 2581 XXVI
1578 2542 1648 2582 42.
1688 2536 1794 2581 XIX
1821 2541 1922 2590 116,

236 2595 354 2641 certi
386 2595 508 2640 effici
546 2597 704 2652 potest
741 2593 861 2638 nihil
900 2595 977 2650 (cf.
1013 2596 1240 2652 Sprengel
1279 2596 1339 2639 ad
1377 2596 1699 2640 Dioscoridem
1731 2612 1774 2652 p.
1801 2598 1920 2653 575).

237 2656 295 2700 de
320 2668 400 2700 aro
424 2655 570 2699 herba
591 2669 635 2699 v.
660 2653 870 2700 Dioscor.
894 2653 938 2696 II
963 2658 1062 2699 197.
1108 2668 1320 2711 propono
1344 2656 1589 2711 praeterea
1612 2655 1740 2700 locos
1764 2657 1919 2700 hosce.

238 2714 383 2759 Scrib.
408 2713 546 2770 Larg.
574 2719 630 2759 83
661 2713 890 2772 symphyti
919 2713 1062 2758 radim
1093 2727 1228 2770 quam
1260 2714 1447 2770 quidam
1489 2714 1667 2758 inulam
1703 2716 1921 2760 rusticam

234 2779 429 2828 vocant,
482 2774 671 2831 quidam
731 2777 881 2817 autem
934 2773 1059 2816 alum
1117 2771 1349 2817 Gallicum
1411 2773 1574 2818 dicunt
1629 2774 1751 2825 (inde
1799 2773 1920 2816 Mar-

236 2832 380 2876 cellus
408 2837 478 2886 17,
502 2836 579 2888 21,
614 2833 671 2876 cf.
698 2837 768 2887 10,
794 2835 870 2884 68;
904 2836 974 2883 26,
1004 2835 1078 2885 18;
1113 2836 1186 2886 31,
1211 2831 1299 2888 39).
1361 2830 1434 2876 Ps.
1461 2831 1600 2889 Apul.
1626 2833 1754 2879 herb.
1782 2847 1819 2878 c.
1848 2836 1918 2877 60

237 2890 363 2936 Cael.
400 2891 556 2937 Aurel
592 2891 749 2936 chron.
774 2889 818 2934 II
844 2896 896 2935 12
931 2892 992 2948 (p.
1018 2866 1102 2934 411
1143 2866 1360 2947 A'mman)
1401 2892 1448 2936 et
1477 2892 1519 2936 V
1545 2896 1570 2935 2
1605 2896 1666 2948 (p.
1693 2894 1811 2948 561),
1842 2891 1923 2935 ubi
2001 2865 2021 2870 a
