2060 3232
882 157 1200 209 ...6-

205 302 369 350 babile
393 302 483 349 est.
524 315 583 347 ex
607 296 788 360 quibus
812 294 1178 357 excerptionem
1203 292 1518 355 Hippiatrica
1545 293 1735 342 Graeca
1753 309 1883 356 quae

204 377 451 425 vocantur
488 372 814 422 servaverunt
852 368 1046 416 duobus
1084 366 1227 414 libris
1274 367 1631 429 comprehensa
1677 370 1882 416 auctore

204 450 392 511 ignoto.
467 445 601 510 quod
652 442 978 492 Constantino
1033 440 1513 503 Porphyrogenneto
1569 442 1770 489 auctore
1824 443 1886 490 ut

207 521 494 584 Geoponica
519 534 646 583 quae
670 517 824 579 vulgo
850 515 1193 578 appellantur,
1223 514 1410 562 rectius
1442 513 1499 562 αἱ
1517 511 1627 580 περὶ
1649 514 1884 580 γεωργίας

204 593 402 660 ἕκλογαί
435 592 789 652 inscribuntur,
838 589 1052 651 aliaque,
1091 587 1166 635 ita
1205 587 1360 635 etiam
1397 587 1715 650 Hippiatrica
1754 604 1884 636 com-

202 669 364 731 pilata
402 683 507 716 esse
547 665 776 726 credunt,
824 663 971 710 certis
1011 661 1214 724 quidem
1253 662 1561 723 argumentis
1601 661 1885 710 confirmari

202 744 372 804 potest
401 740 575 802 nulliS,
615 738 702 786 sed
733 752 847 785 cum
879 735 1050 798 aliqua
1089 733 1444 796 probabilitate
1477 735 1708 784 concludi
1738 751 1884 798 posse

202 832 303 864 non
340 814 565 878 negarim
576 805 633 879 ¹).
696 810 806 859 dico
847 811 1019 857 autem
1048 808 1367 871 Hippiatrica
1400 809 1634 858 editionis
1668 809 1884 859 Simonis

204 888 424 951 Grynaei
470 887 630 935 adhuc
676 884 875 947 unicae,
930 898 1059 946 quae
1104 882 1156 930 in
1202 883 1367 931 lucem
1418 883 1608 945 prodiit
1652 883 1884 933 Basileae

203 978 246 1010 a.
268 964 424 1025 1537,
455 962 725 1023 postquam
757 974 799 1006 a.
822 959 964 1006 1530
989 957 1236 1005 Iohannes
1260 957 1491 1005 Ruellius
1503 951 1545 1023 2)
1570 956 1623 1004 in
1645 956 1886 1007 Latinum

202 1050 478 1083 sermonem
495 1048 733 1082 conversa
750 1031 987 1080 ediderat.
1018 1046 1180 1094 neque
1197 1031 1314 1079 huic
1330 1047 1494 1094 neque
1511 1031 1659 1080 alteri
1675 1030 1885 1095 Hippia-

200 1109 443 1156 tricorum
479 1106 778 1166 recensioni,
826 1106 884 1153 de
932 1121 1034 1168 qua
1071 1105 1204 1152 infra
1242 1105 1508 1153 dicendum
1547 1105 1664 1168 erit,
1710 1122 1886 1168 prooe-

200 1182 358 1229 mium
380 1181 710 1243 praemissum
733 1183 822 1227 est.
870 1179 913 1227 is
939 1181 1111 1227 autem
1134 1178 1361 1242 scriptor,
1386 1179 1471 1227 cui
1492 1180 1642 1243 longe
1666 1179 1887 1241 plurima

199 1255 632 1318 Hippiatricorum
685 1253 953 1316 debentur,
1015 1252 1269 1316 Apsyrtus
1325 1255 1402 1301 est
1454 1252 1747 1302 Prusaensis
1803 1255 1887 1304 vel

198 1328 625 1391 NicomediensiS,
661 1328 721 1375 de
769 1343 868 1390 quo
911 1326 1094 1375 Suidae
1138 1321 1199 1393 (s.
1238 1322 1309 1392 v.)
1355 1327 1702 1376 testimonium
1748 1330 1887 1377 extat

199 1403 313 1451 hoc:
354 1398 632 1467 Ἄψυρτος,
670 1399 965 1466 Προυσαεὺς
1006 1397 1145 1465 <ἢὶ>>
1185 1399 1528 1465 Νικομηδεύς,
1576 1400 1886 1466 στρατιώτης,

200 1476 611 1541 στρατευσάμενος
650 1472 729 1523 ἐπὶ
767 1475 1150 1523 Κωνσταντίνου
1189 1482 1276 1524 τοῦ
1316 1473 1550 1540 βασιλέως
1589 1473 1642 1523 ἐν
1681 1475 1886 1543 Σκυθίᾳ

199 1548 332 1616 παρὰ
378 1548 462 1599 τὸν
496 1546 701 1616 Ἴστρον.
765 1546 1078 1614 ἶππιατρικὸν
1124 1548 1321 1614 βιβλίον
1376 1542 1521 1607 οὗτος
1567 1546 1751 1615 ἔγραψε
1803 1548 1886 1598 καὶ

200 1621 414 1686 φυσικὸν
459 1621 570 1689 περὶ
615 1630 711 1672 τῶν
758 1622 922 1672 αὐτῶν
968 1620 1180 1688 ἀλόγων·
1211 1620 1318 1671 ’καὶ
1363 1615 1568 1689 ἕτερα3).
1645 1623 1886 1674 militavit

199 1697 360 1760 igitur
383 1698 473 1746 sub
500 1696 828 1746 Constantino
864 1698 1046 1760 Magno
1074 1723 1141 1729 —
1167 1713 1286 1745 nam
1317 1697 1476 1744 alium
1500 1695 1887 1745 Constantinum

201 1771 403 1819 subesse
437 1772 571 1834 quod
609 1787 669 1820 ex
698 1770 951 1834 prioribus
983 1771 1189 1833 quidam
1219 1771 1511 1834 voluerunt,
1553 1771 1753 1819 omnino
1785 1787 1885 1820 non

200 1847 277 1893 est
301 1860 390 1893 cur
412 1845 671 1893 credamus
697 1871 769 1879 —-
794 1845 857 1893 ad
886 1845 1094 1908 Istrum,
1128 1844 1263 1908 quod
1292 1844 1399 1906 ipse
1432 1861 1632 1908 quoque
1663 1847 1886 1893 testatur

198 1917 348 1980 Hipp.
387 1935 435 1981 p.
472 1922 498 1966 1
541 1919 676 1967 hisce
714 1918 900 1968 verbis:
947 1918 1381 1984 Στρατευσάμενος
1430 1917 1485 1967 ἐν
1531 1922 1633 1977 τοῖς
1678 1917 1885 1984 τάγμασι

199 1995 302 2050 τοῖς
349 1989 429 2040 ἐπὶ
473 1999 559 2041 τοῦ
597 1989 792 2059 Ἴστρου
838 1999 1061 2057 ποταμοῦ
1109 1990 1265 2058 ἔγνων
1311 1990 1369 2040 τὰ
1408 1992 1746 2058 συμβαίνοντα
1782 1997 1885 2052 τοῖς

200 2065 367 2124 ἵπποις
413 2069 535 2129 κτλ.,
590 2067 890 2129 quibuscum
935 2067 1263 2115 conferendus
1311 2067 1441 2115 alter
1484 2068 1624 2116 locus
1671 2085 1718 2130 p.
1758 2070 1884 2116 113:

198 2137 356 2203 ἔγνων
395 2136 447 2188 δὲ
487 2137 578 2205 ἐγὼ
617 2138 700 2189 καὶ
738 2147 880 2189 τοῦτο
920 2138 1053 2205 παρὰ
1091 2139 1375 2206 Σαρμάταις
1415 2135 1500 2206 (cf.
1533 2141 1700 2205 Pelag.
1739 2135 1882 2207 151).

200 2216 374 2261 contra
407 2213 595 2262 Gothos
627 2215 679 2261 in
712 2214 1057 2262 Sarmatarum
1087 2217 1223 2262 terra
1249 2213 1636 2263 Constantinum
1666 2216 1885 2264 felic-iter

199 2301 450 2349 pugnasse
490 2303 531 2334 a.
568 2289 858 2337 332—334
899 2282 1151 2354 scimus4).
1214 2291 1330 2350 post
1359 2289 1452 2337 hoc
1484 2289 1645 2352 igitur
1682 2292 1883 2352 tempus

321 2429 363 2483 1)
397 2426 454 2470 cf.
488 2426 629 2482 Odor,
663 2426 780 2471 Mus.
812 2427 959 2471 Rhen.
993 2433 1049 2472 45
1081 2443 1125 2484 p.
1153 2433 1206 2472 61
1241 2427 1349 2473 adn.
1377 2433 1413 2472 1.

317 2486 363 2542 2)
393 2485 716 2529 Veterinariae
741 2485 1000 2530 medicinae
1031 2485 1142 2530 libri
1164 2486 1209 2530 II
1238 2487 1442 2531 Iohanne
1466 2487 1651 2532 Ruellio
1677 2489 1884 2535 Suessio-

199 2543 332 2588 nensi
369 2543 639 2601 interprete.
694 2543 886 2588 Parisiis
928 2550 1057 2589 1530.
1118 2545 1353 2589 consentit
1396 2547 1494 2590 fere
1533 2560 1638 2590 cum
1679 2546 1884 2605 Grynaei

200 2602 419 2660 editione,
443 2603 524 2647 ubi
539 2605 724 2647 tantum
750 2602 918 2647 desunt
946 2604 1177 2648 tractatus
1203 2605 1292 2649 duo
1324 2605 1521 2662 meti-lei,
1548 2606 1629 2662 qui
1660 2607 1884 2652 extabant

199 2662 247 2706 in
278 2661 437 2707 codice
467 2676 496 2706 a
525 2662 710 2706 Ruellio
742 2662 965 2707 adhibito.

318 2722 365 2779 3)
378 2720 447 2765 De
465 2720 668 2777 Apsyrto
686 2719 908 2777 Bithynio
925 2734 1222 2777 programma
1238 2721 1426 2778 scripsit
1442 2721 1625 2767 Curtius
1641 2723 1883 2781 Sprengel,

198 2779 347 2823 Halae
397 2785 524 2824 1832.
589 2779 646 2823 de
693 2779 855 2824 eodem
903 2779 959 2825 cf.
1010 2780 1279 2824 Schneider-i
1326 2784 1571 2826 comment.
1619 2782 1669 2826 in
1715 2784 1881 2841 Veget.

202 2853 248 2895 p.
284 2843 354 2883 15.
387 2844 442 2882 22
461 2852 555 2895 seq.
617 2837 904 2894 Eichenfeld,
937 2839 1102 2884 Annal.
1135 2839 1392 2884 Vindobon.
1427 2845 1485 2884 44
1514 2855 1560 2897 p.
1591 2845 1687 2886 154.

319 2899 366 2954 4)
382 2897 502 2941 Vide
518 2895 789 2942 testimonia
806 2899 929 2954 apud
947 2897 1238 2955 Soffi11erum,
1262 2899 1431 2943 Histor.
1455 2899 1669 2956 imperat.
1688 2901 1879 2948 Roman.

200 2956 243 2999 11
273 2971 319 3012 p.
345 2961 447 3001 220.
479 2961 579 3000 221.
633 2955 812 3000 nummi
843 2955 1133 3002 Constantini
1172 2958 1452 3003 Sarmatiam
1491 2960 1710 3004 devictam
1749 2974 1882 3017 prae-
