2060 3232
851 146 1214 198 *22*

191 305 241 336 m
279 287 471 336 addiba:
510 286 680 346 farina
717 285 1023 333 hordeaciam
1063 282 1147 330 56.
1190 281 1256 327 69
1292 293 1423 351 saep.

352 360 554 410 omissa:
592 359 835 408 semuncia
877 358 942 405 32
976 370 1107 416 saep.
1182 353 1528 412 manuplenam
1567 353 1688 401 231.

192 451 226 483 n
265 434 456 483 addita:
496 436 726 482 contunsa
767 433 888 479 301.
964 429 1169 488 infunsa
1218 427 1321 474 185
1372 418 1483 491 (sed
1528 429 1726 475 contusa
1766 418 1877 491 31).

342 508 545 557 omissa:
584 505 929 555 trascenderint
967 503 1088 550 216.

192 598 226 630 n
250 585 301 630 et
323 597 397 630 m:
420 582 693 641 conplutum
719 580 800 626 78.
839 579 1038 637 inpares
1065 575 1130 622 13
1151 588 1281 635 saep.
1321 574 1515 634 inponis
1533 574 1599 622 15
1620 573 1725 621 sim.
1745 587 1877 634 saep.

342 655 616 704 circundato
665 653 782 700 246.
862 649 1174 698 circundatur
1226 649 1345 695 280.
1423 648 1596 696 tandiu
1636 649 1705 696 84
1746 661 1878 708 saep.

331 730 599 789 plerunque
641 729 684 773 1.
729 726 812 773 33.
853 725 922 772 34
963 717 1265 787 (plerumque
1305 722 1410 770 292
1445 713 1618 787 saep).

191 817 280 851 nn:
318 803 517 851 innulae
559 801 676 848 125.
752 796 976 846 innulam
1013 796 1099 844 48.

194 891 218 924 c
247 892 336 938 pro
365 891 419 936 με
452 876 646 923 cambas
679 873 799 921 329.
863 871 1043 919 cambis
1072 869 1221 918 index
1244 869 1391 932 capit.
1455 883 1567 918 caro
1601 870 1721 918 213.
1775 883 1880 917 ma-

340 950 559 997 lacmatis
600 940 727 995 194.'

340 1038 429 1084 pro
469 1037 553 1082 qu:
593 1035 724 1069 ecum
764 1020 884 1068 363.

188 1112 222 1156 9
267 1112 356 1158 pro
405 1110 453 1143 c:
495 1109 699 1155 ,crassus
738 1094 821 1142 59.
907 1093 1018 1153 ayri
1057 1093 1162 1140 238
1204 1089 1333 1151 (acri
1369 1084 1478 1152 Rl).
1563 1092 1754 1152 cari9as
1795 1092 1878 1140 98.

337 1170 524 1229 friyare
564 1170 627 1215 21
641 1171 685 1215 1.
752 1168 903 1227 miyat
941 1166 1063 1215 404.
1129 1165 1447 1227 horthoyyllos
1477 1165 1726 1227 orthoyylli
1758 1166 1880 1214 266.

336 1258 426 1304 pro
465 1256 512 1290 ez
547 1242 817 1303 yenyiberis
854 1241 977 1289 463.

190 1317 222 1364 d
261 1317 311 1364 et
349 1319 386 1363 t:
426 1316 550 1375 quod
592 1318 636 1363 1⁴.
679 1315 745 1364 25
781 1329 913 1377 saep.
992 1307 1178 1380 (capud
1215 1314 1337 1362 406.
1380 1313 1486 1362 408
1528 1313 1631 1363 οοᾱ.
1671 1305 1760 1380 Β).

190 1391 218 1438 b
256 1405 345 1451 pro
375 1405 438 1449 p:
476 1390 777 1438 soborabitur
818 1390 921 1437 397
966 1386 1290 1449 (soporaveris
1326 1387 1415 1448 B).

180 1479 221 1524 p
262 1463 451 1511 addita:
490 1464 672 1524 hiemps
713 1465 833 1511 316.

181 1552 277 1598 pp:
315 1539 654 1598 repperiuntur
694 1539 740 1585 3.

192 1612 224 1671 f
253 1627 342 1673 pro
372 1612 465 1671 ph:
503 1610 703 1673 passim.

189 1685 221 1732 h
260 1684 451 1733 addita:
489 1685 564 1733 his
602 1687 670 1733 47
707 1699 837 1746 saep.
899 1684 1081 1732 hisdem
1120 1685 1205 1732 43.
1267 1684 1549 1733 habrothoni
1589 1685 1710 1732 382.
1772 1685 1884 1733 hor-

338 1760 563 1819 thoyyllos
603 1760 723 1808 266.

338 1833 551 1887 cholicos,
590 1834 780 1881 cholicis
816 1831 947 1880 XXI.
991 1833 1111 1880 287.
1189 1832 1389 1880 colichos
1429 1834 1548 1881 288.

338 1907 555 1954 cartham
596 1908 715 1955 134.
794 1907 1034 1954 cautherio
1074 1906 1179 1954 448
1215 1920 1345 1968 saep.

340 1979 542 2028 omissa:
582 1984 776 2029 anetum
817 1981 919 2028 281
956 1994 1090 2042 saep.
1162 1981 1297 2041 ybleo
1336 1981 1458 2029 440.

190 2067 215 2101 s
254 2055 304 2100 et
340 2069 393 2101 x:
433 2056 641 2113 asunqia
682 2055 802 2102 207.
877 2055 1149 2103 astrinserit
1187 2055 1309 2103 386.
1382 2055 1513 2103 iusta
1555 2056 1636 2103 77.
1710 2055 1885 2103 mistus

340 2128 408 2174 43
442 2142 574 2189 saep.
645 2121 856 2193 (ubique
896 2127 1072 2190 scripsi
1108 2129 1230 2176 mixi
1256 2122 1361 2193 ——).
1431 2119 1527 2179 ses't'
1571 2130 1690 2177 211.

192 2214 241 2248 ss
278 2215 367 2261 pro
407 2216 453 2249 s:
493 2203 678 2250 cassiae
720 2203 789 2250 94
821 2216 953 2263 saep.

189 2288 240 2322 ss
278 2290 367 2335 pro
406 2289 459 2322 x:
499 2277 645 2323 cossis
681 2275 864 2323 lemma
903 2291 1007 2337 cap.
1048 2276 1211 2324 XIIH.

189 2362 223 2396 ω
259 2363 349 2408 pro
388 2362 434 2395 s:
472 2349 681 2396 sinixtra
722 2350 842 2396 208.
911 2351 1115 2397 sinixtro
1158 2351 1263 2397 214
1313 2342 1397 2415 (cf.
1443 2351 1692 2398 extimabis
1735 2344 1881 2414 218).

304 2419 607 2469 Graecorum
650 2421 1012 2470 vocabulorum
1062 2422 1314 2484 scriptura
1359 2425 1420 2470 ut
1466 2423 1659 2472 adsolet
1703 2423 1882 2472 variat.

192 2508 501 2557 quamquam
531 2509 724 2556 semper
753 2495 854 2542 fere
893 2497 924 2555 f
954 2495 1189 2543 scribitur
1217 2512 1307 2558 pro
1338 2497 1410 2556 ph
1449 2489 1669 2563 (strofus‚
1707 2499 1885 2558 fyseter

191 2561 331 2634 cet),
382 2569 551 2615 tamen
587 2567 683 2616 hoe
722 2567 951 2616 omnibus
989 2569 1111 2617 locis
1148 2569 1350 2617 restitui
1387 2569 1593 2631 placuit.
1671 2572 1884 2632 colopho-

189 2643 302 2689 niae
331 2641 552 2689 traditur
585 2642 714 2705 3433
752 2643 1023 2702 colophonie
1051 2643 1101 2690 R
1132 2642 1331 2691 exhibet
1363 2645 1485 2707 391,
1526 2646 1788 2703 colofoniae
1816 2645 1883 2709 B,

191 2717 365 2763 contra
399 2717 502 2765 367
538 2716 759 2776 euphorb.
791 2715 856 2779 B,
897 2717 1081 2776 euforbi
1110 2717 1173 2765 R.
1234 2716 1288 2764 in
1317 2716 1479 2765 indice
1512 2719 1735 2780 capitum
1768 2735 1884 2767 cum

193 2788 261 2836 sit
296 2791 616 2854 falanqionis‚
663 2788 717 2837 in
754 2789 988 2838 lemmate
1028 2805 1132 2852 cap.
1173 2790 1264 2837 XX
1301 2790 1523 2838 braditur
1549 2793 1882 2858 palanyioni3‚

195 2864 298 2911 282
318 2865 384 2986 3OE
416 2865 520 2913 283
559 2863 838 2927 spalan9i03
883 2867 1188 2926 symponiace
1219 2866 1294 2912 est
1337 2866 1420 2930 97,
1459 2865 1572 2926 silpi
1606 2857 1676 2932 (h.
1710 2882 1748 2914 e.
1783 2868 1881 2915 σιλ-

194 2934 333 3001 φίουχ,
383 2938 503 2986 338.
