2060 3232
795 128 1205 183 —135-

155 258 276 362 «ἔῢτη
308 256 397 314 γὰρ
431 258 514 302 οὐκ
539 256 599 302 ἂν
631 258 702 314 εἴη
735 257 1011 315 δοκιμασία·
1061 258 1115 303 οὔ
1141 257 1230 315 γὰρ
1262 255 1312 303 οἵ
1338 258 1527 312 ὀδόντες
1549 261 1634 318 τὴν
1659 262 1852 319 ἡλικίαν

189 321 393 375 ηλοῦσιν.

278 376 608 421 duodecimo
659 389 802 420 anno
839 389 986 431 usque
1033 390 1203 433 rugas
1243 376 1526 436 invenias]
1570 393 1663 423 non
1701 381 1845 426 habet

158 434 432 481 Columella.
492 434 719 492 Vegetius
744 434 809 478 VI
834 439 875 489 5,
900 439 929 478 4
953 436 1163 492 pleriqw
1199 436 1422 481 adserunt
1459 437 1643 482 domitis
1681 444 1722 484 et
1752 442 1844 493 fre-

152 508 217 540 no
247 495 449 540 adsuetis
479 495 762 539 animalibus
792 507 949 552 ruyas,
981 508 1097 551 quae
1127 496 1180 539 in
1212 496 1355 540 labris
1377 500 1487 540 sunt
1516 498 1843 553 superioribus,

153 554 500 611 computandas,
531 554 600 598 ita
641 558 693 597 ut
724 554 781 598 ab
822 554 993 611 anyulo
1031 554 1113 598 ubi
1158 555 1326 611 incipit
1363 568 1539 600 morsus
1576 557 1844 613 incipientes

153 627 292 670 usque
308 612 370 657 ad
393 617 638 657 extremum
661 613 839 658 labrum
858 614 1194 670 perveniamus,
1219 615 1330 671 quia
1354 628 1583 660 annorum
1605 629 1842 661 numerum

152 686 377 729 rugarum
400 685 615 717 numerus
646 673 856 727 ostendit,
890 671 1067 716 addens
1107 672 1165 717 de
1205 686 1288 717 suo
1329 673 1468 718 haec:
1506 679 1732 730 postremo
1763 690 1842 721 ru-

150 745 318 788 garum
347 732 656 785 multitudine,
687 732 882 776 tristitia
911 732 1095 785 frontis,
1127 733 1369 777 deiectione
1400 734 1608 787 cervicis,
1639 735 1843 791 pigritia

151 791 294 836 totius
308 791 527 847 corporis,
549 796 731 847 stupore
756 791 990 835 oculorum
1006 792 1423 848 palpebrarumque
1439 793 1619 837 calvitie
1640 798 1843 839 senectus

152 850 257 906 ipsa
287 863 333 894 se
356 849 530 906 prodit.
593 849 701 894 vide
740 862 861 905 quae
901 849 1149 893 Anatolius
1186 849 1331 907 Hipp.
1356 849 1386 895 l.
1414 865 1452 895 c.
1487 852 1544 895 de
1583 850 1642 896 iis
1682 855 1842 898 censet

149 908 234 964 qui
266 909 473 953 aetatem
506 903 558 952 ἐκ
588 915 680 952 τῶν
711 907 907 965 γνάθων
939 907 1283 965 δοκιμάζουσιν.

278 967 307 1010 2
355 966 452 1013 Col.
483 966 549 1010 VI
573 971 650 1023 29,
675 973 716 1012 2,
743 974 769 1012 3
809 968 886 1024 (de
932 968 1082 1011 bubus
1122 968 1185 1012 id.
1220 967 1282 1011 VI
1308 973 1354 1024 1,
1379 973 1405 1012 3
1432 982 1525 1025 seq.
1551 975 1602 1024 2,
1632 971 1718 1026 14).
1782 971 1839 1015 cf.

150 1025 358 1083 Geopon.
384 1025 492 1071 XVI
521 1032 558 1083 1,
584 1031 610 1071 8
636 1041 730 1083 seq.
763 1026 941 1070 Pallad.
970 1026 1045 1083 IV,
1073 1031 1142 1082 13,
1167 1032 1207 1071 2.
1234 1033 1275 1081 3,
1295 1031 1335 1071 8.
1368 1027 1478 1084 περὶ
1503 1029 1658 1080 εἴδους
1682 1030 1838 1074 ἵππων

149 1085 414 1143 ἀφορισμοί
438 1088 717 1130 enarrantur
748 1085 889 1142 Hipp.
921 1089 1005 1130 261
1033 1100 1126 1141 seq.
1160 1087 1233 1143 (cf.
1266 1085 1495 1144 imprimis
1520 1103 1564 1144 p.
1592 1093 1677 1132 262
1719 1103 1837 1145 quae

149 1143 199 1189 in
230 1145 357 1190 calce
389 1146 609 1201 leguntur
640 1146 721 1189 δεῖ
743 1151 890 1189 ταῦτα
923 1142 1047 1202 ἔχειν
1078 1145 1159 1189 τὸν
1193 1146 1361 1201 ἵππον,
1395 1146 1575 1203 μακρὸν
1606 1147 1838 1205 τράχηλον

153 1206 266 1255 κτλ).
345 1204 491 1249 fusius
540 1204 705 1261 Veget.
748 1204 811 1248 VI
840 1210 866 1248 6
906 1208 954 1248 et
994 1210 1018 1248 7
1068 1205 1355 1261 singularum
1412 1207 1655 1250 nationum
1706 1207 1842 1265 signa

149 1262 411 1319 meritaque
429 1263 648 1320 explicat.
697 1264 754 1307 de
778 1263 1012 1320 prioribus
1036 1264 1237 1307 maxime
1254 1263 1569 1320 inspiciendus
1595 1267 1666 1309 est
1688 1265 1839 1311 Varro

142 1337 238 1368 rer.
271 1327 387 1368 rust.
412 1323 456 1367 ΙΙ
481 1329 522 1379 7,
549 1326 574 1366 5
617 1323 744 1378 (inde
776 1322 873 1367 Col.
907 1324 956 1366 et
995 1322 1185 1379 Geop.)‚
1218 1324 1275 1368 de
1314 1323 1654 1379 posterioribus
1693 1325 1839 1369 etiam

54 1393 59 1399 “
150 1381 356 1426 Isidorus
389 1383 578 1439 etymol.
603 1381 688 1425 ΧΗ
715 1387 754 1437 1,
780 1387 955 1426 45—47
987 1381 1251 1426 Palladium
1283 1383 1481 1427 secutus.

268 1440 620 1499 philocalum
652 1441 960 1500 dominum]
995 1443 1125 1486 amat
1154 1441 1276 1486 hanc
1306 1454 1470 1485 vocem
1502 1444 1663 1486 auctor
1686 1441 1838 1499 philo-

151 1514 362 1558 graecus‚
402 1500 460 1544 cf.
495 1506 594 1545 183.
623 1505 721 1544 188.
785 1501 1028 1557 diliqentia
1066 1513 1185 1556 quae
1227 1499 1351 1544 infra
1396 1501 1469 1544 est
1511 1505 1568 1544 24
1607 1499 1837 1558 interpres

147 1560 295 1663 Xertiit
332 1562 583 1616 φιλοκαλία
622 1560 762 1616 Hipp.
796 1563 896 1605 185.
950 1561 1221 1616 (philocalia
1268 1558 1396 1616 apud
1438 1558 1634 1617 August.
1675 1564 1841 1605 contra

191 1634 246 1664 ca
281 1633 367 1663 em.
392 1625 417 1663 2
461 1625 499 1663 7.

267 1620 815 1737 naribus)<apertis‚
854 1677 1124 1722 brevibus
1166 1677 1436 1736 auribus>
1476 1679 1532 1721 et
1572 1680 1835 1738 arrectis]

147 1739 375 1783 auriculis
414 1736 692 1790 Columella;
734 1735 844 1780 dedi
882 1738 1075 1781 auribus
1105 1739 1297 1794 propter
1327 1738 1545 1793 naribus,
1591 1741 1645 1782 ut
1682 1736 1835 1783 facilis

146 1796 292 1841 fuisse
324 1799 550 1854 appareat
589 1795 769 1841 scribae
810 1809 951 1840 error.
1010 1795 1211 1840 Varroni
1228 1809 1372 1852 equus
1399 1796 1540 1841 debet
1569 1810 1668 1841 esse
1693 1798 1838 1842 oculis

148 1858 312 1915 niyris,
342 1857 536 1901 naribus
566 1869 661 1900 non
691 1856 924 1914 anqustis,
956 1857 1149 1900 auribus
1181 1856 1450 1911 applicatis,
1492 1855 1706 1901 Palladio
1740 1857 1838 1900 lau·

148 1917 320 1961 dantur
350 1929 485 1960 aures
516 1916 664 1960 breves
693 1919 734 1959 et
764 1920 970 1973 aryutae,
1003 1916 1126 1959 oculi
1155 1916 1327 1971 mayni,
1356 1928 1493 1959 nares
1517 1916 1723 1972 patulae.

268 1974 390 2019 lato
423 1975 480 2019 et
517 1988 816 2019 numeroso
856 1974 1106 2032 pectore]
1148 1972 1429 2018 Columella:
1463 1975 1555 2018 lato
1587 1979 1628 2018 et
1658 1988 1838 2020 museu-

149 2035 299 2079 lorum
329 2035 442 2079 toris
464 2047 699 2079 numeroso
724 2038 918 2090 pectore.

265 2094 450 2138 cauda
491 2094 670 2149 longa
713 2094 767 2136 et
810 2106 919 2137 non
962 2093 1155 2136 setosa
1198 2091 1336 2148 quia
1378 2092 1642 2150 abdecet]
1691 2092 1826 2137 Colu-

146 2152 309 2198 mella:
342 2153 495 2198 cauda
533 2154 670 2210 lonya
707 2156 749 2196 et
785 2156 930 2196 setosa
968 2152 1227 2207 crispaque,
1268 2151 1438 2195 Varro:
1482 2152 1634 2195 cauda
1674 2153 1830 2207 ampla

145 2213 401 2268 subcrispa,
432 2211 695 2255 Palladius:
727 2211 878 2255 cauda
902 2211 1166 2267 profusior,
1199 2210 1406 2265 Geopon.
1440 2209 1586 2266 οὐρὰν
1627 2209 1833 2267 μεγάλην

145 2270 429 2328 οὐλότριχον.
507 2271 687 2315 abdecet
728 2269 916 2326 glossae
958 2268 1328 2325 interpretantur
1369 2282 1464 2313 non
1507 2270 1649 2323 decet,
1697 2271 1830 2315 Gust.

146 2330 312 2374 Loewe
356 2329 407 2373 in
443 2327 707 2373 Woelfflini
751 2326 954 2373 Archivo
979 2327 1000 2371 I
1022 2343 1067 2385 p.
1093 2332 1175 2383 22,
1221 2327 1397 2372 Hauler
1441 2326 1557 2371 ibid.
1591 2328 1633 2371 II
1657 2343 1702 2385 p.
1729 2333 1829 2374 453.

144 2389 197 2434 in
227 2390 379 2434 bubus
411 2387 508 2435 Col.
531 2387 598 2432 VI
624 2394 663 2445 1,
689 2393 715 2432 3
749 2386 966 2432 similiter
1005 2388 1178 2432 caudas
1222 2387 1519 2444 longissimas
1561 2390 1610 2432 et
1649 2389 1831 2433 setosas

147 2448 324 2494 laudat.

266 2506 502 2563 ungulis
541 2505 751 2566 nigris]
797 2506 949 2563 magis
986 2505 1146 2562 placet
1193 2503 1479 2550 Columellas
1518 2506 1672 2561 duris,
1714 2507 1838 2562 quod

146 2566 263 2612 item
295 2568 368 2612 est
398 2565 526 2623 apud
556 2565 814 2611 Varronem
846 2565 1012 2622 (ὄνυχα
1044 2563 1231 2621 στερεόν
1262 2563 1486 2622 Geopon).

267 2624 615 2684 universum]
646 2624 716 2671 ita
746 2638 855 2683 pars
894 2624 1122 2669 librorum
1164 2623 1477 2680 Columellas,
1523 2623 1835 2668 Schneiderus

147 2683 320 2729 maluit
348 2685 611 2729 universim.

269 2743 424 2801 agile
455 2743 515 2788 ab
546 2746 783 2801 aspectu
815 2742 1056 2799 quoque]
1091 2741 1360 2787 concinnius
1392 2742 1446 2785 ut
1480 2740 1667 2786 videtur
1699 2741 1836 2786 Colu-

146 2802 294 2847 mella
324 2803 382 2847 ab
413 2808 598 2858 aspectu
627 2816 800 2861 quoque
831 2804 962 2861 aqile.
1023 2800 1312 2859 praepositio
1343 2814 1399 2845 ea
1423 2814 1527 2844 cum
1560 2799 1723 2845 deesse
1754 2815 1835 2846 ne-

149 2862 307 2917 queat,
339 2862 538 2906 for-tasse
568 2876 654 2919 pro
685 2867 727 2907 et
757 2861 1004 2906 scribenda
1035 2862 1122 2906 est.

268 2920 299 2965 3
332 2919 429 2964 Col.
450 2918 515 2964 VI
533 2924 573 2977 5,
592 2926 620 2965 4
641 2921 960 2979 (consentiunt
976 2934 1081 2965 cum
1095 2917 1408 2964 Riccardiano
1427 2917 1574 2964 codex
1591 2917 1831 2976 Sangerm.
