2060 3232
0 346 2 442 J

798 111 1156 163 -79—

132 336 237 383 XV.
314 336 398 384 De
450 334 738 383 articulis
792 335 888 382 vel
942 335 1008 382 de
1062 334 1321 397 pedibus
1374 335 1470 383 vel
1524 335 1589 383 de
1645 337 1816 385 collo.

495 436 922 486 PELAGONIVS
968 435 1302 486 FESTIANO
1341 437 1457 485 ΑΙΤ

242 541 548 589 Utilissimas
588 541 673 588 sed
709 541 871 589 multo
910 540 1042 589 inter
1073 542 1261 589 ceteras
1291 541 1594 590 necessarias
1632 541 1816 603 pedum
1833 543 1929 588 226

133 630 278 663 curas
317 615 551 678 dicemus,
589 616 650 662 ut
689 614 869 678 omnia,
910 630 1038 676 quae
1078 614 1131 662 in
1163 614 1388 664 articulis
1419 616 1500 664 vel
1523 615 1577 662 in
1607 615 1818 677 pedibus

89 702 110 735 5
134 688 327 737 evenire
369 691 460 736 aut
496 688 666 737 labore
706 690 796 736 aut
834 688 1152 752 neglegentia
1198 690 1290 737 aut
1335 704 1455 737 casu
1501 691 1818 752 consuerunt,

132 778 191 810 ea
222 778 344 810 sana
373 762 586 810 inlibata
615 761 693 809 his
723 762 944 825 medelis,
977 778 1103 824 quas
1136 763 1457 827 ostendimus,
1488 765 1817 825 perseverent.

129 835 437 884 roborandae
478 837 596 884 sunt
634 836 685 883 et
725 835 1011 884 solidandae
1056 837 1278 900 ungulae
1325 836 1592 901 diligenter
1630 836 1819 884 stabuli

130 909 400 973 munditia,
439 911 500 956 ut
538 908 642 957 sine
683 910 895 957 stercore
942 910 993 956 et
1039 909 1142 957 sine
1189 925 1361 958 umore
1409 910 1712 974 stabuletur,
1758 912 1820 958 ut

132 984 332 1032 stabula
368 983 589 1032 roboreis
629 982 804 1031 axibus
851 984 1105 1031 constrata
1152 983 1265 1031 sint.
1329 984 1533 1032 articuli
1579 1000 1696 1032 sane
1735 985 1816 1032 vel

67 1072 109 1104 10
133 1057 427 1121 suffragines
450 1058 511 1104 ut
533 1057 758 1121 integrae
792 1072 1042 1119 sanaeque
1073 1059 1404 1121 perseverent,
1438 1058 1574 1120 quod
1603 1057 1816 1106 maxime

131 1131 184 1179 in
216 1131 357 1193 equis
387 1130 722 1179 necessarium
753 1132 803 1179 et
832 1131 1066 1194 pulcrum
1097 1132 1185 1194 est,
1217 1147 1308 1180 nos
1338 1146 1524 1195 magna
1555 1131 1818 1195 diligentia

131 1205 469 1254 custodiemus
508 1207 753 1269 curantes,
792 1221 853 1253 ne
894 1205 953 1253 de
993 1204 1226 1253 exercitio
1263 1208 1355 1253 aut
1385 1205 1444 1253 de
1475 1205 1653 1254 itinere
1693 1205 1813 1253 arti-

131 1279 259 1327 culis
295 1280 464 1326 lutum
501 1279 761 1327 inhaerens
807 1281 1118 1341 permaneat:
1170 1280 1261 1326 aut
1307 1295 1442 1342 aqua
1487 1279 1651 1327 calida
1699 1279 1817 1327 arti-

54 1389 60 1395 »
132 1354 270 1402 culos
308 1352 499 1402 fovebis
538 1355 630 1400 aut
665 1352 782 1401 vino
821 1352 1030 1417 lavabiS,
1070 1353 1205 1415 quod
1243 1353 1285 1401 si
1307 1355 1590 1415 vutrumque
1628 1352 1817 1416 feceris,

63 1440 106 1473 15
130 1428 323 1548 mdlx}
346 1428 689 1549 {ghtusionem
710 1500 909 1564 pedum,
940 1499 1183 1564 Pelagoni
1207 1500 1455 1562 apopiraS.
1517 1499 1640 1548 ficus
1666 1500 1819 1548 siccas
1836 1498 1926 1543 227

132 1591 246 1623 cum
285 1575 387 1623 sale
427 1574 676 1623 contunde
715 1576 766 1622 et
803 1574 1009 1638 ungulis
1047 1574 1275 1636 imponis.

605 1765 736 1813 XVI.
798 1766 888 1813 Ad
934 1782 1187 1815 ozaenas
1235 1765 1335 1814 ait.

242 1870 598 1919 Atramentum
622 1869 930 1934 sutoricium,
956 1870 1133 1935 gallas,
1159 1869 1361 1917 alumen
1394 1868 1567 1931 aequis
1582 1867 1819 1930 ,partibus
1838 1866 1930 1912 228

67 1957 110 1989 20
133 1947 341 1993 tunsum
379 1960 494 1992 cum
532 1943 752 2008 axungia
789 1944 996 1993 misceto
1036 1946 1087 1992 et
1124 1943 1247 1992 mali
1287 1942 1478 1991 corium
1517 1958 1632 1991 cum
1679 1944 1818 1990 aceto

134 2021 185 2068 et
222 2019 354 2067 nitro
395 2018 618 2066 adunata
657 2017 825 2066 omnia
862 2018 1120 2080 imponito.

245 2093 375 2141 Item
422 2091 573 2140 aliud.
645 2090 768 2140 ficus
815 2094 866 2140 et
912 2092 1076 2154 sinapi
1122 2090 1371 2139 contunde
1419 2092 1470 2138 et
1516 2105 1631 2139 cum
1679 2091 1819 2138 aceto
1837 2087 1932 2133 229

134 2166 285 2215 misce
326 2168 377 2214 et
415 2181 530 2214 cum
568 2166 710 2213 aluta
747 2165 963 2227 patienti
1000 2165 1214 2228 impone,
1253 2163 1404 2212 tertio
1445 2163 1523 2211 die
1563 2164 1712 2212 solve.
1778 2162 1820 2210 si

133 2240 260 2288 nihil
298 2239 520 2303 senserit,
557 2255 744 2288 renova
781 2239 1200 2287 medicamentum
1245 2240 1295 2285 et
1340 2237 1526 2285 iterum
1570 2238 1686 2299 post
1722 2238 1819 2284 ter-

67 2325 110 2359 25
134 2314 265 2362 tium
302 2314 433 2362 diem
472 2313 606 2362 solve
647 2315 698 2361 et
735 2328 849 2361 cum
894 2313 1074 2361 melius
1119 2311 1300 2360 habere
1346 2310 1588 2374 coeperit,
1637 2310 1820 2359 articu-

137 2389 276 2436 culos
313 2388 430 2436 vino
470 2388 640 2435 lavato
681 2388 732 2434 et
770 2387 993 2435 solutum
1031 2386 1239 2433 dimitte.

245 2461 375 2509 Item
413 2461 564 2508 aliud.
629 2476 967 2522 opopanacem
999 2475 1113 2508 cum
1143 2458 1308 2507 farina
1338 2458 1604 2507 hordeacia
1635 2472 1818 2520 coques
1836 2463 1933 2508 230

135 2535 187 2582 in
224 2535 431 2584 modum
469 2534 804 2596 cataplasmae
843 2536 894 2583 et
931 2534 1143 2596 impone.

259 2724 297 2762 1.
330 2725 356 2763 2
388 2720 567 2764 inverso
600 2719 758 2763 ordine
788 2719 842 2762 in
872 2719 1022 2762 codice
1053 2719 1267 2774 leyuntur
1289 2720 1304 2774 u
1328 2723 1353 2761 3
1388 2716 1492 2774 sed]
1514 2716 1706 2770 fortasse
1737 2714 1785 2757 et
1806 2713 1822 2772 Η

138 2783 164 2823 5
196 2778 487 2834 negligentia
519 2781 711 2835 (puncta
746 2778 1012 2822 Politianus
1034 2779 1212 2834 posuit)
1254 2778 1262 2834 1
1313 2776 1561 2820 conserunt
1604 2774 1618 2830 ΙΙ
1661 2778 1686 2818 6
1726 2785 1821 2816 me-

141 2850 279 2896 dellis
302 2854 318 2908 u
337 2838 398 2895 '10
429 2850 611 2907 integre
644 2864 846 2906 saneque
870 2852 884 2907 ΙΙ
912 2856 965 2894 13
996 2851 1214 2895 inherens
1239 2851 1253 2905 ΙΙ
1280 2854 1334 2894 18
1374 2848 1528 2892 ozinas
1551 2849 1568 2905 ΙΙ
1601 2852 1655 2892 19
1687 2847 1822 2891 adra-

143 2913 352 2955 mentum
375 2912 392 2967 ss
415 2914 471 2954 22
503 2910 664 2966 senapi
690 2911 706 2967 ΙΙ
729 2914 785 2954 25
817 2908 996 2970 ceperit
1017 2913 1033 2967 ΙΙ
1056 2915 1111 2954 27
1143 2922 1460 2966 ypopanacem
