2060 3232
856 114 1221 166 -14—

200 264 381 312 corpus
406 250 669 313 congessit.
722 265 885 312 neque
908 250 1000 298 hoc
1032 249 1224 297 nullius
1253 247 1494 296 momenti
1516 247 1718 295 videtur
1749 246 1885 309 quod

199 323 654 387 Pelagonianorum
700 323 922 371 remedia
966 338 1066 371 non
1109 336 1273 385 pauca
1301 321 1468 368 aliter
1505 321 1559 368 in
1604 321 1685 383 M,
1733 320 1885 368 aliter

200 396 254 444 in
284 396 484 460 volgari
515 397 739 459 exemplo
773 411 1013 446 conversa
1043 396 1296 460 leguntur,
1329 397 1389 443 ut
1418 395 1501 444 vel
1530 394 1646 442 inde
1670 393 1885 452 Latinus

200 470 416 532 scriptor
453 469 736 519 vindicetur
772 469 1090 532 Pelagonius.

310 543 368 592 V.
408 543 724 605 Hippiatrica
754 543 806 590 in
836 542 1075 590 Latinum
1106 556 1382 590 sermonem
1418 542 1668 589 translata
1704 540 1819 588 inde
1852 556 1884 588 a

198 617 398 665 saeculo
430 617 533 664 fere
564 616 636 663 IV
667 616 719 662 in
749 615 1009 663 hominum
1039 615 1268 663 manibus
1299 614 1455 662 fuisse
1486 613 1760 663 verisimile
1793 616 1883 663 est.

198 692 330 738 certe
369 689 551 737 Latino
593 689 863 751 exemplari
892 703 1015 736 usus
1055 691 1132 736 est
1163 687 1428 751 Vegetius,
1469 687 1604 750 quod
1635 703 1693 734 ex
1723 687 1883 750 ipsius

197 763 363 812 verbis
401 762 556 824 praef.
595 759 627 822 ἓ
663 764 691 810 6
734 761 971 810 efficitur:
1009 762 1134 810 hanc
1164 776 1359 821 operam
1395 775 1495 808 non
1530 762 1712 809 invitas
1751 763 1884 809 arri-

188 838 306 897 pui,
359 840 413 884 nt
462 837 703 883 conductis
750 837 804 883 in
851 850 1005 883 unam
1052 835 1251 884 Latinis
1300 836 1555 883 dumtaxat
1607 835 1885 883 auctoribus

197 911 458 964 universis,
491 910 717 957 adhibitis
748 910 892 956 etiam
921 910 1247 957 mulomedicis
1279 911 1323 956 et
1350 909 1546 956 medicis
1571 922 1671 956 non
1694 909 1885 956 omissis

201 1007 265 1015 —-
300 997 417 1030 nam
445 983 840 1031 mulomedicinae
870 983 1092 1031 doctrina
1124 984 1184 1031 ab
1209 984 1313 1030 arte
1342 983 1607 1030 medicinae
1634 996 1733 1029 non
1763 982 1882 1030 adeo

195 1057 360 1104 multis
397 1057 658 1116 discrepat,
697 1057 782 1104 sed
817 1057 871 1103 in
899 1057 1146 1116 plerisque
1183 1057 1412 1104 consentit
1451 1082 1518 1089 ——
1558 1057 1612 1104 in
1650 1058 1884 1115 quantam

194 1130 500 1178 mediocritas
528 1130 710 1189 inqenii
730 1131 944 1192 patitur,
974 1131 1120 1190 plene
1151 1145 1209 1178 ac
1239 1131 1443 1178 breviter
1465 1131 1629 1177 omnia
1653 1131 1884 1189 epitomae

194 1203 455 1262 diyererem
486 1206 530 1250 et
557 1203 698 1263 siqna
719 1204 995 1251 morborum
1017 1206 1230 1252 omnium
1254 1204 1554 1251 declararem
1568 1195 1623 1269 ¹).
1671 1201 1882 1265 Hippia-

199 1275 439 1324 tricorum
476 1274 776 1336 Latinorum
814 1276 969 1324 codex
1008 1279 1148 1325 extat
1186 1276 1496 1325 Monacensis
1538 1278 1641 1324 243
1685 1276 1882 1323 charta-

196 1364 313 1397 ceus
375 1364 501 1398 saec.
557 1349 649 1396 XV
705 1349 962 1398 continens
1026 1345 1282 1398 eChironis
1345 1350 1595 1412 centauri,
1655 1349 1882 1412 Absyrti,

194 1422 419 1470 Hemerii
474 1422 596 1471 artis
650 1423 983 1471 veterinariae
1045 1424 1155 1471 libr.
1199 1419 1285 1484 X'‚
1341 1439 1466 1486 quos
1522 1423 1750 1471 editurus
1805 1425 1883 1471 est

195 1494 478 1544 Guilelmus
516 1496 707 1558 Meyer,
746 1499 1016 1559 postquam
1046 1497 1269 1547 breviter
1299 1497 1359 1545 de
1390 1497 1454 1545 iis
1488 1497 1614 1545 dixit
1651 1497 1703 1543 in
1735 1496 1879 1544 Actis

191 1569 495 1617 Academiae
534 1569 843 1618 Monacensis
887 1572 1026 1619 1885
1067 1588 1116 1633 p.
1151 1573 1270 1619 395.
1341 1571 1394 1618 in
1431 1571 1583 1618 huius
1622 1570 1741 1618 libri
1780 1585 1880 1618 ser-

191 1658 390 1691 monem
423 1642 668 1705 quadrare
708 1644 781 1691 ait
812 1643 1016 1707 Vegetii
1045 1645 1199 1707 praef.
1242 1642 1274 1705 ξ
1310 1646 1340 1692 3
1381 1644 1534 1693 verba
1566 1644 1626 1691 de
1661 1642 1878 1691 Chirone

193 1718 246 1765 et
275 1715 498 1779 Apsyrto
534 1711 877 1779 ‘eloquentiae
908 1718 1079 1780 inopia
1118 1733 1174 1766 ac
1207 1718 1447 1766 sermonis
1485 1717 1645 1779 ipsius
1678 1717 1879 1766 vilitate

193 1785 632 1838 sordescentibus'.
686 1791 911 1839 eiusdem
936 1791 1221 1855 argumenti
1245 1791 1401 1839 codex
1430 1791 1483 1838 in
1505 1790 1724 1838 Fabricii
1747 1790 1879 1838 Bibl.

191 1864 302 1912 Lat.
334 1863 414 1911 III
450 1880 499 1926 p.
536 1865 638 1912 178
674 1858 773 1930 (ed.
805 1861 1032 1928 Ernesti)
1066 1865 1320 1913 indicatur
1350 1865 1446 1912 ita:
1488 1859 1785 1928 ‘Vegetium
1817 1864 1878 1912 de

191 1937 577 1985 mulomedicina
628 1953 719 1985 nec
772 1939 937 1986 minus
992 1937 1221 1987 Chironis
1276 1937 1513 1986 Centauri
1566 1937 1777 2000 Absyrti
1829 1939 1882 1986 et

193 2009 266 2059 Ol.
308 2010 592 2059 Hemerotis
643 2011 703 2058 de
754 2014 862 2060 arte
910 2012 1226 2060 Veterinaria
1274 2012 1429 2060 libros
1468 2013 1515 2060 X
1565 2014 1617 2059 et
1667 2010 1880 2060 Oliverii

191 2083 517 2146 Neapolitani
560 2084 748 2132 librum
793 2085 854 2133 de
902 2086 1045 2148 equis
1090 2101 1181 2134 ms.
1229 2085 1464 2134 servabat
1513 2085 1880 2147 Norimbergae

194 2157 454 2207 Gotfridus
480 2154 818 2207 Thomasius'.
867 2160 955 2222 qui
993 2177 1115 2207 num
1144 2159 1394 2222 hodieque
1427 2162 1564 2207 extet
1596 2158 1881 2222 quaeritur3

191 2231 553 2294 Norimbergae
593 2247 699 2280 esse
739 2233 1017 2281 sciscitanti
1053 2233 1178 2280 mihi
1214 2235 1541 2296 negaverunt.
1605 2233 1664 2280 de
1703 2231 1881 2279 Hiero-

193 2305 283 2353 clis
331 2305 391 2353 de
439 2305 698 2353 curatione
743 2321 989 2369 equorum
1033 2307 1164 2355 libro
1210 2322 1299 2355 ms.
1346 2307 1528 2355 Latino
1576 2305 1882 2353 Bononiensi

191 2393 354 2442 pauca
394 2378 632 2427 adnotavi
669 2379 832 2427 Musei
868 2380 1097 2428 Rhenani
1134 2381 1231 2428 vol.
1265 2381 1334 2427 46
1375 2396 1424 2442 p.
1459 2381 1524 2427 37
1534 2371 1632 2443 7²).

304 2451 389 2499 VI.
437 2451 528 2499 His
573 2453 861 2514 praemissis
909 2453 1194 2501 accuratius
1241 2453 1301 2500 de
1347 2452 1621 2516 Pelagonio
1672 2452 1880 2513 eiusque

191 2525 363 2573 libello
419 2525 685 2572 dicendum
739 2528 828 2574 est.
907 2527 1111 2589 scripsit
1155 2528 1324 2574 autem
1379 2529 1555 2574 auctor
1606 2525 1820 2573 Latinus
1835 2518 1879 2590 3)

314 2667 359 2723 1)
391 2664 458 2710 cf.
493 2679 612 2721 quae
645 2665 805 2721 paullo
838 2679 979 2723 supra
1010 2665 1080 2710 ait
1111 2670 1136 2719 ξ
1169 2671 1196 2710 3
1229 2665 1287 2709 de
1320 2665 1519 2711 Chirone
1551 2667 1601 2708 et
1630 2666 1849 2721 Apsyrto.

313 2726 358 2782 2)
391 2726 458 2769 De
492 2722 599 2768 aliis
631 2724 739 2769 vide
773 2724 1043 2769 Schneideri
1074 2725 1374 2769 commentar.
1398 2725 1447 2768 in
1469 2723 1634 2779 Veget.
1667 2739 1711 2780 p.
1738 2730 1792 2768 17
1811 2738 1878 2779 sq.

315 2785 361 2840 3)
393 2782 527 2827 Nihil
565 2783 904 2827 immorandum
945 2798 1108 2828 censeo
1146 2784 1195 2827 in
1227 2784 1477 2828 refutanda
1507 2783 1724 2839 opinione
1756 2782 1880 2838 prio-

197 2857 302 2887 rum
334 2842 526 2899 (Osanni
559 2842 772 2898 aliorum)
812 2844 892 2899 qui
929 2841 1104 2887 Graece
1141 2842 1447 2900 Pelagoniam
1480 2842 1718 2898 scripsisse
1750 2841 1879 2885 volu-

197 2904 346 2946 erunt.
408 2900 630 2946 Latinum
667 2901 942 2958 scriptorem
981 2903 1058 2946 vel
1097 2902 1299 2959 epistula
1329 2901 1448 2946 libro
1487 2901 1692 2958 praefixa
1724 2901 1881 2956 arguit
