2060 3232
879 179 1246 231 -24—

220 332 395 366 murra
423 316 610 379 ubique
643 315 837 377 scripsi:
876 315 1147 362 traduntur
1183 314 1442 375 praeterea
1471 327 1642 373 myrra
1672 313 1723 361 et
1751 315 1907 362 mirra

372 384 566 458 (murra
605 390 757 438 etiam
795 389 844 435 B
886 381 1031 454 366).
1100 401 1300 449 myrnae
1338 388 1405 435 94
1445 387 1681 435 mendum
1718 386 1906 435 librarii

369 464 583 528 videtur,
620 463 704 512 vix
740 462 895 509 fuerit
930 476 1168 522 smyrnae.

220 541 524 589 nasturcium
562 552 766 598 semper,
805 551 905 583 non
942 536 1250 583 nasturtium.

222 627 499 675 opopanaoe:
539 610 689 658 semel
726 610 858 656 recte
897 608 950 655 in
987 608 1038 655 B
1072 609 1177 657 394
1218 621 1553 668 opopanacem.
1621 608 1675 656 in
1706 608 1755 656 R
1794 607 1909 656 scri-

371 685 509 733 bitur
541 698 818 746 ypopanaoe,
855 680 932 728 bis
973 683 1271 742 apopanaeis
1311 683 1430 730 273.
1474 674 1644 749 (367).

213 773 468 822 pernnyuo
508 758 558 805 et
586 771 820 819 pernnyO,
861 754 1057 803 similia.

216 834 477 894 portulaca
515 830 573 878 cf.
616 829 679 876 ad
720 831 841 877 371.

214 922 367 968 posca
408 904 604 966 saepius
645 918 799 965 quam
827 918 988 964 pusca
1027 896 1173 970 (199.
1219 896 1365 969 219).

224 982 456 1043 rosaeias,
494 994 595 1026 non
631 992 857 1026 rosaceus
897 970 980 1044 (cf.
1020 969 1341 1043 hordeacias).

223 1055 479 1102 rotundus:
518 1054 604 1099 rot.
647 1053 694 1100 2.
737 1052 856 1099 341.
934 1055 1027 1100 rut.
1070 1052 1190 1100 253.
1233 1052 1354 1099 454.

223 1129 401 1176 simula
438 1142 528 1188 pro
567 1125 732 1173 simila
771 1125 830 1173 cf.
871 1124 982 1173 adn.
1027 1126 1146 1173 188.

222 1203 385 1261 sinapi
424 1198 622 1260 saepius
659 1197 848 1262 legitur
886 1214 1040 1260 quam
1076 1200 1249 1258 senapi
1288 1191 1434 1265 (194.
1478 1200 1598 1248 200.
1641 1192 1784 1266 229).

222 1276 446 1335 sponyia:
484 1272 560 1320 bis
599 1287 808 1337 sponqea
851 1274 969 1321 193.
1014 1274 1117 1319 212
1159 1274 1210 1320 et
1247 1275 1456 1332 spunyia
1498 1275 1616 1322 199.
1660 1275 1779 1322 200.

222 1353 391 1410 styrax
430 1346 628 1409 saepius
670 1361 823 1408 quam
860 1350 1025 1394 storax
1064 1338 1210 1412 (299.
1254 1339 1399 1413 369).
1476 1349 1706 1396 storacini
1746 1349 1867 1396 273.

224 1423 427 1482 sulphur
464 1421 517 1468 in
555 1422 603 1468 R
642 1419 889 1484 scribitur,
928 1421 1091 1479 sulfur
1128 1420 1179 1466 B
1221 1421 1341 1469 351.
1384 1421 1505 1469 353.

225 1497 559 1544 terebinthina:
612 1494 665 1541 in
715 1495 822 1542 RB
878 1493 1112 1542 scribitur
1165 1495 1454 1543 terebentina
1503 1494 1711 1559 passim,
1767 1495 1918 1543 semel

373 1570 683 1617 terebintinae
719 1569 768 1616 R
809 1570 929 1617 329.

225 1645 387 1692 tisana
424 1642 655 1705 traditur,
694 1658 794 1690 non
824 1644 1028 1702 ptisana
1067 1634 1311 1708 (thisanae
1350 1644 1454 1691 396
1494 1636 1584 1708 B).

224 1718 529 1765 tracanthum
569 1715 715 1764 scribi
756 1716 883 1764 solet
923 1715 1058 1778 quod
1094 1715 1301 1779 retinui,
1354 1717 1623 1764 occurrunt
1659 1718 1920 1778 praeterea

373 1792 582 1838 tracanti
615 1792 697 1838 84.
734 1791 802 1838 94
836 1805 966 1851 saep.
1040 1791 1309 1838 trachanthi
1350 1792 1471 1839 367.
1541 1793 1755 1851 traqanti
1793 1790 1916 1850 (tra-

375 1864 559 1924 canti?)
600 1864 751 1911 semel
789 1864 839 1910 B
881 1866 1000 1913 393.
1077 1878 1330 1926 nusquam
1367 1865 1748 1924 trayaeanthum.

226 1940 413 1999 trixayo
443 1939 560 1986 -inis
589 1952 841 1999 nusquam
869 1939 1023 1986 recte:
1055 1940 1334 1999 fraoeayinis
1368 1940 1487 1987 370.
1537 1940 1804 1999 trixayonis
1832 1940 1915 1986 14.

375 2013 635 2072 trioeoyonis
674 2013 792 2060 390.
857 2014 1125 2072 trexoyonis
1163 2013 1211 2060 8.
1253 2013 1373 2061 341.
1436 2014 1680 2074 trexoyoni
1720 2014 1803 2061 35.

226 2086 428 2146 troylitis
466 2100 659 2147 semper
695 2085 783 2149 ita,
824 2086 975 2134 semel
1013 2087 1283 2147 troglititem
1320 2088 1442 2136 443.

226 2162 303 2207 tus
340 2159 442 2207 fere
482 2174 687 2223 semper,
726 2176 826 2208 non
866 2161 985 2209 thus.

224 2236 477 2281 vettonica:
516 2235 780 2282 vectonieae
819 2235 939 2282 341.
1017 2235 1268 2283 brettonice
1307 2235 1429 2283 367.

227 2312 505 2357 Declinatio.
1899 2343 1906 2350 ι

227 2378 379 2442 genit.
421 2378 544 2442 sing.
595 2381 633 2427 -i
677 2395 767 2441 pro
816 2383 875 2428 ·ii
919 2381 1107 2442 passim
1144 2382 1287 2431 velut
1330 2383 1509 2445 rosaci,
1554 2383 1779 2430 marrubi
1824 2383 1915 2430 cet.

377 2455 538 2512 querci
579 2455 697 2500 174.

228 2525 379 2590 genit.
419 2526 548 2588 plur.
587 2541 803 2574 mensum
846 2530 891 2574 1.

229 2615 327 2648 acc.
369 2598 493 2663 sing.
533 2603 708 2647 tussem
746 2600 952 2664 passim,
999 2603 1169 2649 tussim
1209 2604 1292 2650 81.
1333 2604 1442 2651 460
1489 2597 1780 2666 (utramque
1819 2603 1918 2651 for-

377 2689 513 2720 mam
548 2666 773 2739 retinui).

229 2746 325 2795 abl.
374 2747 498 2810 sing.
545 2749 784 2807 superiori
825 2749 907 2794 22.
984 2749 1129 2795 veteri
1166 2749 1375 2812 passim,
1417 2750 1568 2797 semel
1606 2753 1758 2797 vetere
1797 2751 1916 2797 245.

377 2821 507 2882 plur.
543 2822 759 2880 yenubus
799 2822 902 2869 263
946 2812 1166 2885 (yenibus
1203 2823 1307 2870 491
1351 2823 1527 2886 fragm.
1569 2838 1629 2871 ex
1665 2815 1917 2889 Vegetio).

339 2894 713 2943 Vocabulorum
738 2893 1060 2942 Graecorum:
1093 2893 1243 2957 genit.
1275 2895 1625 2944 hieraebotanis
1657 2899 1739 2944 14.
1783 2898 1917 2945 rodo-

232 2969 397 3029 dafnis
413 2971 438 3015 1
450 2970 478 3016 9
489 2970 532 3016 7.
549 2970 617 3017 34
626 2970 670 3016 1.
694 2969 985 3028 rododafnes
1000 2969 1066 3016 36
1075 2970 1119 3015 1.
1143 2968 1463 3028 rhododafnes
1480 2971 1504 3016 1
1515 2971 1598 3017 94.
1622 2968 1838 3031 men[ni]
1847 2990 1917 3008 =
