2060 3232
879 126 1272 180 -186-

232 269 335 301 cum
366 255 522 302 lixivii
550 256 750 301 sextario
780 259 822 301 et
853 256 939 301 olei
969 256 1145 313 cyathis
1175 256 1352 302 duobus
1374 271 1462 314 per
1490 257 1714 314 triduum,
1743 261 1912 314 quarta

232 316 307 360 die
349 315 635 372 intermittes,
666 315 710 359 V
734 319 809 370 47,
834 320 858 359 7
899 315 1081 360 herbam
1118 315 1415 361 Artemisiam
1463 321 1648 362 tunsam
1685 330 1786 362 cum
1822 317 1916 363 oleo

237 379 281 419 et
309 375 484 419 modico
515 375 676 419 lixivio
707 374 839 419 dabis
870 375 931 418 ad
961 387 1118 419 cornu.

347 433 442 477 865
474 433 532 477 Η
557 437 643 477 277
676 432 784 476 ἄλλο
816 432 1110 490 προπότισμα
1148 434 1265 491 πρὸς
1296 433 1625 490 ληθαργικούς.
1672 433 1763 491 πρὸ
1794 431 1918 478 πάν-

228 508 320 535 των
351 492 459 542 τοὺς
489 492 805 548 ληθαργικοὺς
833 494 1015 547 κριθῶν
1047 489 1312 549 ἀπέχεσθαι
1341 494 1470 537 ποίει
1499 495 1594 538 κτλ.
1641 493 1703 537 Μ
1723 497 1806 538 109
1825 489 1912 550 ωγ’

229 550 341 595 ἄλλο
387 550 681 608 προπότισμα
727 565 804 607 πρ.
843 553 952 607 ληθ.
1030 550 1145 607 Veg.
1173 551 1207 594 V
1245 554 1327 606 47,
1361 557 1399 596 7.
1440 556 1482 596 8.
1534 564 1694 597 omnes
1751 551 1914 609 Optati

227 623 409 661 nomen¹
438 611 492 654 ut
523 622 662 666 supra
690 608 818 653 Flori
847 611 1021 654 tacent.

351 668 508 712 acori
531 667 782 727 Pontici]
807 669 1048 724 vulgatam
1072 667 1295 722 afronitri
1310 667 1478 724 Veget.
1501 668 1546 713 V
1567 672 1642 726 47,
1665 673 1692 713 8
1726 668 1917 714 Schnei-

232 726 370 771 derus
410 740 465 771 ex
502 727 560 771 H
597 728 797 772 correxit
842 727 891 770 in
930 727 1029 771 rhei
1068 726 1278 782 Pontici,
1325 728 1408 771 sed
1458 729 1584 772 recte
1624 726 1915 773 Corbeiensis

230 787 359 831 acori
401 786 611 842 Pontici,
647 786 771 830 idem
820 785 1038 842 deinceps
1086 786 1255 831 calami
1291 785 1515 844 Syriatici
1551 800 1656 832 unc.
1681 787 1787 831 III
1810 799 1917 831 cum

228 842 446 890 Gothano
479 844 707 903 (καλάμου
738 845 1034 902 ἀρωματικοῦ
1067 845 1151 902 Η).

349 904 539 961 spicae
570 904 738 948 nardi
768 904 999 949 Indicae
1030 902 1121 963 <—
1139 902 1241 970 V>]
1272 903 1449 948 omittit
1479 904 1544 948 Η.
1591 904 1753 949 uncias
1779 903 1911 960 quin-

229 977 320 1018 que
350 962 489 1019 posui
519 964 711 1020 propter
741 963 906 1019 quinas
937 963 1107 1007 calami
1139 961 1359 1019 Syriatici
1398 963 1447 1006 et
1489 963 1702 1021 capparis
1739 962 1912 1008 radicis

234 1022 416 1075 uncias;
448 1022 573 1079 apud
605 1022 856 1078 Vegetium
886 1023 1030 1077 vulgo
1062 1020 1201 1066 binae
1234 1024 1352 1066 sunt.

348 1081 667 1138 diligentia
697 1080 991 1139 elimetur]
1025 1079 1081 1125 cf.
1109 1094 1248 1137 supra
1279 1084 1336 1124 54
1373 1093 1514 1138 usque
1544 1094 1645 1126 cum
1675 1082 1804 1127 dolor
1833 1081 1913 1126 eli-

225 1144 396 1195 metur,·
435 1139 549 1195 Veg.
589 1140 772 1184 assidue
815 1140 994 1196 flayello
1033 1140 1328 1184 excitandum
1375 1144 1458 1185 aut
1494 1153 1619 1196 voce,
1658 1144 1711 1185 ut
1749 1141 1913 1186 vitium

227 1199 387 1243 timore
417 1199 626 1256 deponat.

346 1256 457 1314 Cap.
491 1257 698 1301 XXVIII.
761 1257 955 1301 Lemma
987 1271 1044 1301 ex
1075 1256 1283 1314 capitum
1313 1256 1468 1302 indice
1500 1256 1695 1314 explevi.

344 1316 439 1360 366
456 1317 506 1359 H
530 1321 614 1360 278
641 1315 750 1360 ἄλλο
778 1314 1073 1373 προπότισμα
1095 1315 1239 1360 παντὶ
1262 1320 1409 1375 καιρῷ
1433 1316 1709 1373 ἀναγκαῖον.
1751 1317 1912 1374 ξηρίον

227 1375 581 1426 κατασκευάσας
611 1375 706 1419 ἀπὸ
739 1383 830 1419 τῶν
862 1373 1246 1432 ὑποτεταγμένων
1279 1373 1433 1430 εἰδῶν,
1466 1374 1581 1432 ὅπερ
1607 1371 1702 1419 ἐστὶ
1725 1374 1915 1420 πάντων

227 1433 343 1490 ὁμοῦ
357 1433 744 1491 λυσιτελέστερον·
778 1441 1023 1491 γεντιανῆς
1039 1438 1132 1479 κτλ.
1173 1448 1290 1490 quae
1308 1435 1477 1478 desunt
1492 1433 1628 1479 addit
1646 1436 1707 1478 M
1723 1440 1806 1479 109
1825 1434 1912 1479 ουδ’

231 1492 277 1537 εἰ
305 1491 357 1537 δὲ
391 1493 448 1538 τὰ
480 1497 572 1547 ζῶα
604 1492 835 1550 πυρέττοι,
870 1492 935 1544 εἰς
964 1493 1090 1551 ’ὕδωρ
1122 1492 1373 1550 ἀφέψησον
1404 1492 1490 1549 τὴν
1521 1490 1652 1550 ῥίζαν
1689 1493 1771 1550 τὴς
1812 1493 1919 1548 ὀξυ-

226 1553 415 1608 σχοίνου
443 1553 744 1612 προσβάλλων
773 1552 854 1596 καὶ
883 1551 1065 1597 σέλινον
1089 1552 1170 1597 καὶ
1198 1554 1475 1610 μελίκρατον
1510 1555 1683 1609 μᾶλλον
1709 1553 1915 1610 εὑρίσκε-

226 1614 345 1655 σθαι
375 1611 456 1655 καὶ
489 1611 633 1663 οὕτως
662 1611 932 1669 κοχλιάριον
965 1612 1016 1656 α’
1048 1619 1130 1656 τοῦ
1163 1613 1325 1669 ξηρίου
1359 1611 1511 1671 βαλὼν
1553 1611 1801 1669 προπότιζε
1835 1608 1912 1656 ἐπὶ

227 1669 404 1728 ἡμέρας
426 1670 473 1728 γ’
492 1675 585 1716 κτλ.
627 1674 699 1716 est
718 1670 873 1728 pulvis
900 1671 1189 1728 todiapente‚
1207 1671 1264 1715 cf.
1285 1685 1425 1727 supra
1441 1676 1482 1716 5.
1523 1670 1638 1728 Veg.
1661 1671 1723 1716 VI
1739 1676 1780 1726 8,
1798 1675 1825 1715 8
1844 1685 1911 1728 sq.

227 1731 441 1787 diapente
477 1736 543 1776 est
572 1735 625 1775 ut
653 1744 800 1788 supra
829 1731 1069 1776 retulimus
1101 1730 1140 1787 (I
1167 1735 1242 1786 10,
1268 1734 1309 1786 6,
1355 1729 1400 1772 II
1424 1735 1501 1785 36,
1530 1731 1572 1787 1)
1608 1732 1912 1776 necessarium

221 1789 443 1844 plurimis
481 1791 633 1834 causis
673 1803 727 1835 ac
768 1791 937 1835 morbis
968 1804 1006 1834 e.
1032 1804 1076 1845 q.
1103 1804 1137 1836 s,
1177 1802 1325 1845 usque
1363 1789 1483 1834 idem
1512 1790 1672 1847 pulvis
1707 1791 1751 1835 si
1786 1791 1913 1836 ultra

227 1849 530 1893 cochlearium
575 1862 676 1893 cum
720 1850 923 1894 sextario
961 1850 1062 1892 vini
1106 1850 1267 1894 veteris
1311 1852 1353 1893 et
1401 1849 1489 1893 olei
1524 1849 1691 1893 viridis
1729 1849 1910 1894 hemina

233 1908 367 1952 detur
381 1942 396 1963 ,
427 1909 604 1952 animal
633 1923 663 1951 a
701 1908 976 1963 quibuslibet
1012 1909 1193 1952 venenis
1231 1908 1299 1952 vel
1336 1911 1593 1963 serpentum
1632 1912 1717 1952 aut
1753 1908 1911 1954 bestio-

227 1966 379 2010 larum
408 1967 631 2011 morsibus
663 1967 838 2012 liberat.
885 1966 1080 2022 excidit,
1120 1967 1173 2009 ut
1204 1979 1260 2010 ex
1291 1966 1338 2010 B
1369 1967 1487 2020 (mac
1511 2000 1522 2011 .
1547 1999 1558 2009 .
1598 1966 1676 2010 vel
1712 1981 1817 2025 may
1842 2000 1853 2011 .
1880 1969 1908 2022 ,)

224 2026 273 2069 et
305 2026 367 2068 M
394 2024 494 2083 (καὶ
523 2032 616 2083 χρῶ
649 2025 708 2076 ὡς
739 2024 1155 2085 μεγαλοφυεστάτῳ
1195 2024 1482 2085 βοηθήματι)
1521 2024 1740 2081 efficitur,
1781 2026 1907 2070 clau-

224 2083 328 2127 sula
359 2098 479 2139 quae
511 2085 633 2129 solet
664 2098 763 2129 esse
795 2085 1090 2130 certissimum
1120 2089 1184 2129 est
1212 2086 1470 2130 remedium.
1521 2082 1730 2140 cogitare
1761 2085 1910 2140 possis

221 2144 515 2246 mayngfiicum
545 2148 608 2189 est
630 2145 1017 2247 mezlicamentum,
1050 2157 1153 2188 cum
1177 2144 1373 2200 quartae
1396 2142 1585 2188 litterae
1608 2142 1629 2185 Ι
1658 2144 1908 2201 vestigium

221 2217 271 2246 ln
303 2215 356 2246 co
390 2216 463 2246 icc
494 2216 523 2246 a
590 2216 697 2247 area
724 2239 732 2247 .

340 2262 431 2306 367
481 2218 651 2307 ,Ηρὲ78
696 2261 991 2320 προπότισμα
1033 2262 1085 2306 τὸ
1115 2261 1256 2319 παρὰ
1292 2259 1534 2318 Ῥωμαίοις
1574 2261 1906 2319 κονὸριγάριον

222 2320 527 2377 καλούμενον.
581 2320 917 2379 τραγακάνθης
946 2329 1003 2378 »γό
1035 2318 1085 2365 α’
1119 2324 1214 2366 κτλ.
1270 2322 1332 2364 Μ
1363 2326 1446 2365 109
1480 2317 1578 2367 ωε’.

342 2380 572 2438 cymini]
608 2380 772 2436 scripsi
802 2394 885 2436 pro
921 2381 1171 2436 (h)ormini,
1202 2394 1307 2425 cum
1330 2380 1559 2437 cyminum
1582 2379 1744 2424 redeat
1774 2379 1824 2423 in
1846 2378 1904 2424 iis

225 2451 342 2493 quae
376 2440 594 2482 secuntur
623 2439 907 2495 potionibus.
960 2440 1189 2496 interpres
1222 2438 1393 2483 omisit.

342 2497 588 2555 murrae]
622 2499 710 2542 hoc
733 2498 837 2542 loco
862 2497 1011 2541 omitt.
1037 2499 1102 2553 Η,
1128 2498 1208 2541 sed
1231 2498 1354 2541 infra
1376 2496 1540 2542 inserit
1562 2494 1903 2554 μυρτοκόκκων.

339 2555 494 2614 folii]
528 2555 557 2599 i.
585 2569 622 2600 e.
656 2555 942 2600 malabathri
982 2555 1258 2611 (Dioscor.1
1283 2559 1352 2599 11.
1416 2556 1542 2601 Cass.
1576 2556 1732 2608 Felix,
1763 2555 1904 2599 index

222 2614 355 2658 Rosii
385 2630 431 2671 p.
458 2619 557 2660 236.
611 2614 774 2660 Isidor.
801 2614 955 2671 Etym.
981 2614 1110 2658 XVII
1135 2620 1176 2670 9,
1201 2616 1262 2669 2).
1323 2616 1438 2658 nota
1466 2616 1627 2658 tamen
1657 2613 1781 2658 infra
1817 2619 1902 2658 369

222 2673 273 2716 et
313 2674 479 2718 folium
525 2675 574 2719 et
618 2674 965 2718 malabathrum
1009 2674 1059 2717 in
1105 2673 1272 2717 eadem
1317 2671 1655 2730 compositione
1702 2685 1902 2717 comme-

218 2745 404 2777 morari.

340 2792 594 2836 sertulae
649 2791 986 2849 Campanae]
1041 2789 1138 2835 sive
1191 2795 1336 2836 sertae
1389 2789 1649 2847 Campanae
1694 2790 1900 2847 (μελιλώ-

218 2865 301 2893 του
334 2851 416 2907 Η),
479 2850 595 2895 Plin.
628 2850 737 2894 XXI
759 2854 815 2895 53
845 2851 1091 2896 melilotum
1120 2851 1241 2907 quod
1268 2851 1485 2895 sertulam
1519 2849 1799 2907 Campanam
1822 2863 1899 2894 vo·

219 2922 387 2954 camus.
449 2909 657 2954 Dioscor.
683 2909 747 2952 ΠΙ
771 2913 842 2956 41.
