2060 3232
824 96 1192 149 „97-

274 235 404 283 Item
460 234 620 283 aliter.
697 233 910 283 floccum
956 233 1170 282 tomenti
1214 231 1487 282 intinctum
1534 234 1642 284 oleo
1688 249 1844 284 venae
1865 240 1963 287 311

163 308 427 358 admoveto
475 310 565 357 aut
612 322 773 356 assem
817 307 1042 371 ligneum
1087 307 1140 355 in
1185 322 1334 370 vena,
1389 306 1448 356 de
1497 322 1598 370 qua
1645 309 1852 373 sanguis

163 382 291 446 fluit,
331 381 536 444 deponis
575 383 627 430 et
664 380 808 446 ligas.
870 395 1104 443 praesens
1143 380 1419 430 remedium
1457 384 1545 429 est.

354 573 507 622 XXV.
584 573 666 622 De
713 571 1074 622 vulneribus
1120 572 1217 621 vel
1264 572 1330 621 de
1377 571 1740 636 emplastris,

117 690 140 724 5
276 675 330 725 Si
376 676 429 725 in
476 676 621 726 dorso
676 677 822 726 ulcus
868 676 984 740 erit,
1038 676 1386 739 tithymallum
1438 692 1554 726 cum
1605 677 1752 726 melle
1804 678 1854 725 et
1871 684 1965 730 312

162 749 295 833 nitro
333 766 533 814 uvaque
572 765 722 814 passa
760 750 912 799 simul
949 750 1183 815 levigatis
1217 753 1268 800 et
1298 766 1415 800 ervo
1455 750 1646 815 molito,
1685 750 1854 800 mixtis

160 826 404 947 Uterlssem
441 898 485 947 si
521 897 813 948 vulneribus
843 898 938 961 pili
967 897 1077 947 nati
1107 897 1298 947 fuerint
1328 900 1380 947 et
1410 897 1693 949 cicatricem
1722 899 1854 948 coire
1870 907 1968 954 313

163 989 263 1023 11011
294 973 515 1037 siverint,
548 988 784 1022 cancrum
813 975 866 1021 et
887 987 1042 1021 uvam
1070 987 1272 1035 passam
1303 972 1601 1037 silvaticam,
1633 972 1855 1038 levigata

0 1034 1 1060 ³
99 1061 143 1094 10
164 1047 218 1095 in
265 1049 405 1096 aceto
452 1047 733 1096 fervescant
778 1048 831 1095 et
873 1046 1031 1095 ulceri
1077 1046 1345 1110 imponit03
1394 1047 1476 1096 vel
1519 1046 1857 1110 rossyriacum

163 1116 350 1186 <cum>
397 1120 619 1171 satureia
674 1123 724 1170 et
777 1121 880 1170 sale
928 1121 1275 1170 hammoniaco
1332 1120 1484 1169 simul
1536 1121 1757 1185 levigato
1807 1124 1857 1170 et

163 1196 310 1244 melle
349 1195 505 1244 mixto
546 1194 826 1258 decoquito.
889 1195 1103 1258 prodest.

274 1269 607 1318 Medicamina
654 1269 718 1318 ad
758 1269 925 1318 omnia
970 1269 1193 1318 vulnera.
1264 1269 1392 1317 turis
1431 1283 1579 1332 scrp.,
1619 1268 1855 1317 aluminis
1872 1276 1969 1323 314

165 1357 314 1407 scrp.,
370 1343 476 1392 sevi
526 1343 707 1392 bubuli
760 1358 884 1406 scrp.
924 1342 1072 1407 VIII,
1130 1342 1228 1392 olei
1280 1342 1468 1393 cedrini
1523 1342 1856 1406 acetabulum,

99 1429 142 1463 15
167 1418 265 1467 olei
302 1417 579 1466 communis
617 1418 744 1466 hem.
786 1416 1065 1482 dimidiam,
1106 1432 1245 1466 cerae
1295 1417 1431 1479 quod
1476 1415 1676 1465 sufficit.
1739 1431 1857 1465 sane

166 1507 283 1540 cum
319 1494 490 1541 crusta
528 1491 741 1540 cauterii
779 1491 1061 1555 ceciderint,
1098 1491 1447 1554 tithymallum
1477 1490 1769 1539 cumssmelle
1809 1492 1860 1539 et

165 1565 298 1614 nitro
351 1565 560 1629 unguis3
615 1566 659 1613 si
713 1568 885 1614 autem
938 1566 1087 1614 citius
1150 1566 1337 1614 vulnus
1393 1580 1570 1614 sanare
1624 1564 1858 1628 volueriS,

167 1639 554 1689 chamaeleontis
608 1638 887 1688 radicinam
932 1639 1246 1689 combustam
1290 1639 1584 1688 vulneribus
1640 1652 1858 1703 sparges,

167 1713 212 1762 si
247 1714 433 1763 vulnus
471 1714 748 1778 putruerit,
785 1713 1030 1763 hellebori
1073 1713 1208 1778 nigri
1246 1729 1372 1776 scrp.
1402 1714 1457 1762 ΙΙ
1494 1712 1616 1762 teris
1654 1714 1706 1761 et
1746 1728 1862 1761 cum

100 1799 145 1832 20
169 1788 278 1838 oleo
318 1787 518 1837 cedrino
549 1788 720 1837 uteris

280 1862 362 1909 Ad
400 1861 567 1911 omnia
604 1863 828 1911 vulnera.
884 1877 1061 1911 ervum
1100 1861 1288 1911 siccum
1333 1861 1508 1925 frigito
1556 1863 1608 1910 et
1652 1863 1863 1909 tunsum
1875 1866 1970 1913 315

168 1935 407 1999 cribrat03
448 1938 564 1985 ante
602 1938 774 1986 tamen
812 1936 977 1986 calida
1022 1937 1234 1986 vulnera
1271 1936 1497 1985 fomenta
1534 1937 1586 1984 et
1632 1934 1703 1983 sic
1749 1935 1861 1998 pul-

167 2026 336 2059 verem
372 2010 530 2059 mitte.

279 2084 361 2132 Ad
401 2100 598 2134 omnem
635 2086 897 2133 tumorem.
975 2085 1164 2134 cretam
1202 2080 1468 2147 cimoliam,
1501 2077 1743 2147 (oleum)
1773 2082 1862 2130 Hi·
1879 2089 1977 2135 316

108 2169 152 2202 25
176 2173 392 2221 spanum
422 2174 537 2207 cum
566 2160 707 2207 aceto
738 2158 994 2222 permisce,
1033 2158 1163 2206 turis
1193 2157 1397 2220 pollinis
1434 2182 1497 2190 —
1530 2157 1648 2220 HII,
1686 2156 1865 2205 bulbos

174 2232 338 2297 tritos,
371 2232 563 2281 cocleas
594 2232 743 2280 tritas
767 2232 919 2281 simul
950 2232 1101 2281 misce
1133 2233 1184 2280 et
1213 2230 1527 2279 tumentibus
1549 2230 1673 2280 locis
1696 2230 1866 2279 admo-

173 2308 305 2355 veto.
355 2305 399 2354 si
422 2306 580 2354 hiems
603 2305 772 2370 fuerit,
797 2306 1018 2355 calidum
1041 2305 1301 2370 imponito,
1333 2305 1377 2353 si
1408 2306 1587 2371 aestas,
1610 2304 1864 2368 frigidum

288 2379 343 2428 Si
374 2395 535 2442 equus
565 2380 751 2430 vulnus
783 2380 1065 2429 chironium
1093 2380 1343 2444 habuerit,
1374 2379 1445 2428 sic
1469 2379 1690 2428 curabis:
1728 2379 1865 2427 bras-
1882 2385 1980 2431 317

178 2452 309 2503 sicae
350 2453 520 2502 aridae
559 2454 798 2519 radicem,
846 2455 1069 2518 cupressi
1106 2455 1319 2518 pilulaS,
1366 2469 1574 2516 porrum
1612 2453 1868 2516 sectivum,

293 2614 320 2653 3
354 2610 559 2666 depones
587 2612 594 2665 Ι
620 2609 774 2667 ligans
797 2611 812 2668 ΙΙ
836 2614 861 2655 5
888 2610 1078 2656 dorsum
1105 2612 1112 2668 Ι
1138 2610 1487 2670 tithymallum]
1510 2610 1622 2654 Titfi
1638 2607 1806 2652 Mallisi
1821 2606 1868 2652 R

174 2667 340 2712 tritum
355 2666 522 2713 allium
538 2668 789 2716 Sarchiani
811 2671 828 2728 ΙΙ
851 2674 878 2714 6
893 2669 1039 2715 herbo
1066 2671 1074 2727 Ι
1100 2669 1255 2715 mistis
1277 2672 1295 2728 u
1317 2675 1343 2715 9
1359 2668 1567 2714 sinerent
1588 2670 1605 2725 11
1631 2671 1684 2711 12
1699 2667 1839 2711 misto
1855 2667 1868 2723 Ιι

179 2759 235 2800 16
275 2736 434 2804 crustas
465 2756 641 2803 canteri
668 2759 674 2814 Ι
702 2758 814 2803 Titii
844 2758 1012 2803 Mallisi
1049 2759 1065 2816 ss
1105 2763 1160 2804 18
1193 2756 1533 2804 chameleontis
1564 2757 1580 2813 [Ι
1613 2759 1668 2800 19
1707 2753 1870 2799 Melle-

177 2814 284 2860 bori
305 2816 322 2872 Ι]
345 2820 400 2860 21
432 2816 631 2861 herbum
653 2818 669 2874 n
692 2821 750 2862 24
782 2816 1010 2878 (oleum)
1034 2817 1314 2876 Hispanum]
1347 2816 1599 2874 hispanam
1622 2814 1669 2860 R
1728 2809 1867 2872 ἐλαίῳ

181 2902 344 2963 σπάνῳ
368 2904 467 2949 ΗΡ
485 2905 501 2961 ιι
524 2910 580 2950 27
620 2904 804 2964 hiemps
831 2909 838 2962 ι
867 2906 1092 2952 callidum
1115 2909 1132 2965 ιι
1155 2911 1212 2953 28
1243 2895 1349 2951 huit
1369 2907 1385 2964 ιι
1408 2909 1464 2950 29
1496 2902 1627 2949 aride

269 2987 364 3029 1111,
387 2986 631 3028 Pelagoniae.
1488 2983 1513 3023 7
