2060 3232
905 152 973 156 —
1055 118 1306 172 144—

261 253 324 298 M
344 257 398 297 14
421 251 495 298 θ’.
542 252 659 308 Veg.
682 251 724 294 ΙΙ
751 256 791 307 6,
817 257 858 296 3.
890 251 939 294 in
963 250 1066 294 ΗΡ
1101 263 1185 307 pro
1210 251 1484 307 κοχλεαριόυ
1511 245 1615 301 ἕνὸς
1645 247 1942 293 scribendum

259 312 460 369 videtur,
498 313 553 356 ut
581 310 675 355 iam
716 309 1026 355 Schneiderus
1065 310 1116 353 in
1155 312 1401 354 comment.
1442 309 1503 353 ad
1537 311 1649 367 Veg‚
1674 322 1720 364 p.
1746 312 1801 352 37
1834 321 1945 364 pro-

258 372 429 430 posuit,
461 368 793 428 κεχλιασμένου
825 369 902 414 vel
932 368 1190 426 simplicius
1221 371 1426 427 χλιαροῦ.

378 432 441 476 39
487 432 544 476 Η
577 436 603 475 9
647 430 771 474 ἄλλο.
849 427 1075 485 γάλακτος
1129 425 1309 484 αἰγείου
1363 430 1519 486 λίτρας
1561 429 1612 474 τὸ
1659 427 1800 487 ἥμισυ
1848 434 1943 475 κτλ.

260 491 319 536 M
342 495 397 535 14
423 487 474 535 ι’.
521 491 639 547 Veg.
663 489 707 532 II
731 495 772 543 6,
798 493 839 533 4.
884 487 1036 532 simile
1067 490 1139 531 est
1164 493 1233 533 37.

377 550 441 596 40
488 551 543 594 Η
562 555 588 594 9
622 553 789 605 χρῖσμα
819 547 936 603 πρὸς
965 545 1180 603 πυρετόν.
1238 548 1300 590 Μ
1324 551 1379 590 14
1404 546 1487 606 ιβ’.
1542 549 1657 604 Veg.
1690 549 1735 592 ΙΙ
1760 554 1800 604 6,
1827 554 1870 595 5.

248 630 251 632 ’
378 609 439 654 41
473 609 530 653 H
549 612 574 651 9
608 607 717 651 ἄλλο
748 607 1055 663 προπότισμα.
1100 607 1468 661 πυρετταίνοντα
1501 608 1646 652 ἵππον
1672 603 1719 661 ἐξ
1739 607 1950 665 ἀνάγκης

259 669 346 726 χρὴ
380 670 724 727 φλεβοτομῆσαι
754 665 836 710 καὶ
866 665 1149 721 προποτίσαι
1181 663 1336 715 οὕτως.
1378 666 1440 708 Μ
1454 671 1509 710 14
1526 664 1611 712 ια’.
1652 667 1767 724 Veg.
1785 668 1828 712 Il
1846 674 1886 724 6,
1904 675 1946 714 6.

261 734 317 774 et
354 729 565 773 hordeo
605 724 919 783 abstineto]
954 723 1179 770 omittunt
1208 724 1347 781 Hipp.
1382 726 1430 769 et
1459 724 1697 782 Vegetius.

378 789 439 833 42
479 788 537 834 H
555 791 581 831 9
630 785 740 830 ἄλλο
779 784 1074 842 προπότισμα
1120 782 1314 828 ἁπλοῦν.
1377 782 1547 839 τήλεως
1591 784 1731 842 (trad.
1772 786 1947 838 τίλεως)

259 848 400 905 χυλὸν
439 847 683 903 καθαρίως
722 847 906 902 διηθῶν
945 844 1026 888 καὶ
1065 843 1241 901 δεσμὴν
1281 845 1461 888 σελίνου
1501 842 1582 887 καὶ
1620 843 1834 901 πηγάνου
1867 845 1949 888 καὶ

259 907 507 964 μελιλώτου
554 905 636 950 καὶ
681 906 895 950 ὑσσώπου
937 902 1203 960 συνεψήσας
1248 902 1331 947 καὶ
1369 904 1595 960 συμμίξας
1636 903 1718 947 διὰ
1755 901 1949 961 κέρατος

260 967 411 1010 δίδου.
472 967 673 1011 fortasse
705 966 901 1011 colatum
931 978 1017 1020 pro
1042 967 1215 1008 coctum
1239 962 1467 1019 interpres
1491 963 1540 1006 in
1572 977 1654 1008 suo
1688 963 1947 1020 exemplari

257 1026 301 1069 le
339 1026 452 1070 erat.

304 1041 337 1082 g
379 1083 487 1140 Cap.
521 1084 598 1127 IV.
654 1083 716 1127 43
764 1082 860 1127 Col.
884 1081 949 1126 VI
974 1086 1052 1137 30,
1086 1087 1126 1125 6.
1160 1086 1199 1126 7.
1272 1080 1580 1138 Veg.11145,
1606 1085 1733 1125 1—3.
1796 1081 1854 1124 H
1889 1085 1945 1126 89

259 1144 561 1199 Πελαγωνίου
608 1143 850 1198 θεραπεία
896 1139 1171 1198 ὠμοπλάτης
1210 1161 1266 1177 =
1304 1141 1365 1184 M
1394 1145 1449 1184 36
1482 1139 1587 1197 ρπζ’
1644 1142 1947 1197 Πελαγωνίου

260 1202 670 1306 Ἠρξὲεραπῗίῗὲς»
693 1202 990 1310 ὠῆοπλῖτῗζ·
1002 1214 1154 1309 55⁰3}ss
1169 1198 1568 1302 0ὓέἓῖἓὲἕέΞὲ
1571 1203 1817 1303 ‘21:22133'?
1819 1199 1949 1303 ³533?

457 1277 550 1305 0600(
647 1278 675 1304 'U
770 1277 824 1304 O'v
1158 1293 1166 1302 .
1931 1284 1948 1293 ·

259 1320 404 1365 sentit
420 1307 525 1364 clim
554 1277 842 1365 Coluiiizllae
870 1275 1464 1374 ogdioe⁹8angermanensi‚
1493 1317 1743 1362 collatione
1772 1317 1944 1373 Goesii,

259 1379 467 1424 editione
497 1378 787 1423 Bruschiana
818 1379 888 1434 (O.
907 1378 1158 1432 Guenther‚
1184 1375 1519 1421 Genethliacon
1537 1375 1744 1433 Gotting.
1770 1392 1816 1434 p.
1843 1378 1949 1434 13.).

379 1438 753 1496 exanimetur]
774 1452 894 1494 quae
910 1436 1052 1482 lectio
1071 1436 1482 1494 Sangermanensis
1499 1436 1644 1481 etiam
1662 1436 1946 1483 Schneider-o

259 1497 534 1553 exquisitior
563 1498 666 1542 visa
697 1501 781 1543 est.
830 1498 1072 1554 vulgatam
1095 1497 1399 1542 eoeaniniatur
1421 1497 1579 1542 nostro
1604 1497 1708 1542 loco
1735 1497 1943 1542 Osannus

257 1558 428 1614 probat
461 1556 718 1614 (Quaedam
750 1557 807 1602 de
837 1556 1096 1613 Pelagonio
1122 1572 1166 1613 p.
1195 1558 1282 1610 12).
1344 1554 1573 1612 Vegetius
1612 1556 1816 1603 mutavit
1851 1556 1944 1602 ita:

258 1618 378 1674 quod
409 1618 450 1660 si
473 1617 583 1673 plus
607 1618 815 1673 profluat
845 1631 982 1674 quam
1011 1629 1182 1661 necesse
1211 1617 1272 1660 sit
1304 1615 1402 1672 (ἵνα
1427 1614 1479 1659 δὲ
1504 1614 1566 1672 μὴ
1593 1613 1784 1673 ἔξαιμον
1809 1614 1947 1673 γένη-

256 1692 334 1719 ται
364 1676 416 1720 τὸ
449 1678 565 1729 ζῶον
673 1711 681 1719 .

375 1736 431 1779 in
462 1734 760 1794 piscinam]
794 1734 1019 1792 Vegetius
1052 1735 1109 1780 de
1143 1749 1223 1779 suo
1257 1734 1390 1777 addit
1412 1734 1481 1778 vel
1503 1735 1671 1790 flumen
1702 1741 1786 1781 aut
1807 1750 1946 1782 mare.

376 1794 680 1853 adhibitis]
728 1795 799 1839 ita
839 1793 1264 1850 Sangermanensis.
1326 1792 1572 1850 Vegetius:
1606 1799 1766 1850 postea
1803 1796 1948 1850 sirmi·

258 1855 413 1899 oribus
451 1855 564 1899 cibis
606 1855 669 1899 ad
704 1856 916 1912 sayinam
950 1855 1200 1910 pristinam
1237 1854 1518 1898 revocandus
1560 1859 1624 1898 est
1662 1853 1761 1909 (καὶ
1801 1853 1945 1906 οὕτως

255 1911 350 1955 ὁδῶ
382 1913 652 1972 προβαίνων
684 1911 982 1971 στερροτέρας
1019 1918 1196 1969 τροφῆς
1232 1909 1616 1969 προσφερομένης
1654 1913 1844 1969 ὑγιανεῖ
1878 1914 1944 1971 Η,

256 1957 337 2015 καὶ
368 1972 484 2028 πρὸς
515 1972 670 2029 ὀλίγον
701 1971 787 2028 τὴν
819 1969 867 2025 ἐξ
901 1971 1044 2022 ἔθους
1073 1971 1255 2029 τροφὴν
1287 1970 1557 2031 λαμβανέτω
1589 1971 1677 2028 Μ).

376 2030 439 2075 44
478 2031 537 2075 H
556 2037 611 2076 89
651 2030 775 2075 ἄλλο.
847 2029 891 2075 εἰ
936 2027 1147 2088 ἐλαφρῶς
1188 2030 1357 2089 πάσχει
1402 2030 1484 2082 τὰς
1529 2031 1805 2088 ὠμοπλάτας
1850 2036 1944 2078 κτλ.

259 2090 322 2133 Μ
342 2093 397 2134 36
432 2089 568 2147 ρπθ’.
631 2090 746 2147 Veg.
772 2090 836 2135 III
858 2095 931 2147 45,
956 2094 1088 2136 4-7.

374 2151 564 2194 tracta
595 2151 797 2208 uteris]
833 2151 1076 2207 emplastri
1115 2163 1261 2205 genus
1302 2151 1386 2194 est.
1439 2149 1686 2207 τράκτωμα
1717 2151 1843 2195 ποιέι
1875 2152 1941 2198 Η.

254 2207 411 2265 (Corp,
436 2209 577 2265 gloss.
603 2209 647 2252 Π
671 2225 716 2266 p.
745 2213 828 2253 199
861 2213 1011 2256 tracta
1041 2206 1255 2267 λάγανα).

375 2268 505 2312 inde
529 2268 660 2312 vino
684 2283 823 2325 puro
849 2282 1058 2313 armum
1084 2270 1278 2314 foveto
1304 2284 1342 2315 e.
1362 2284 1405 2326 q.
1425 2269 1481 2328 s.]
1507 2269 1941 2316 confusavidentur.

254 2326 482 2382 Vegetius
528 2327 667 2371 haec:
725 2333 921 2374 tractam
965 2329 1129 2373 cotidie
1173 2330 1396 2386 imponito
1445 2334 1487 2374 et
1526 2330 1802 2387 priusquam
1851 2343 1942 2374 un-

254 2390 410 2442 qatur,
438 2387 603 2431 cotidie
625 2388 680 2432 de
710 2388 817 2432 vino
841 2401 965 2445 puro
990 2401 1168 2432 armum
1193 2389 1360 2444 lavato,
1391 2389 1555 2434 deinde
1576 2389 1823 2434 additurus
1852 2403 1938 2434 un-

254 2449 494 2502 quentum.-
525 2445 661 2490 bacae
691 2447 818 2490 lauri
840 2447 1066 2502 selibram,
1097 2448 1184 2491 olei
1211 2449 1480 2504 sextarium,
1511 2449 1629 2493 nitri
1649 2449 1813 2493 uncias
1835 2452 1941 2504 tres,

256 2503 336 2548 sed
364 2504 541 2548 nitrum
571 2509 613 2548 et
642 2505 778 2549 bacas
809 2505 936 2550 lauri
964 2507 1018 2549 in
1048 2506 1281 2562 pulverem
1318 2509 1492 2566 rediyes
1522 2511 1563 2552 et
1592 2508 1828 2551 cribrabis.
1883 2521 1940 2552 ex

255 2575 343 2618 quo
374 2563 427 2606 in
457 2563 547 2608 sole
578 2577 678 2608 cum
709 2565 864 2609 calida
895 2578 1050 2609 armus
1079 2565 1356 2620 fomentatus
1392 2567 1557 2621 fuerit,
1595 2567 1854 2624 inunyatur
1884 2581 1940 2610 ex

255 2622 408 2678 tepido
439 2626 479 2666 et
510 2623 763 2667 diutissime
800 2624 1089 2679 confricetur.
1147 2629 1253 2680 post
1289 2627 1574 2682 synchrisma
1610 2627 1673 2669 ad
1711 2627 1941 2671 curandos

256 2693 407 2725 armos
436 2682 677 2726 inducitur
715 2685 756 2726 et
793 2696 895 2727 eum
931 2683 1091 2728 melius
1131 2684 1343 2729 habuerit
1383 2688 1595 2729 natatum
1634 2685 1811 2729 mittito.
1867 2685 1926 2728 H
1925 2704 1940 2729 .-

255 2738 338 2782 καὶ
377 2735 459 2795 ἐφ’
504 2735 698 2797 ἑκάστης
737 2736 788 2784 ἐκ
825 2748 908 2785 τοῦ
955 2742 1279 2799 τρακτώματος
1317 2738 1522 2787 ἐπιτίθει
1563 2742 1940 2799 προαποπλύνων

257 2799 368 2857 οἴνῳ
399 2798 481 2843 τὸν
518 2799 677 2844 τόπον.
733 2801 942 2856 sequitur
980 2805 1033 2845 ut
1069 2816 1242 2846 novum
1279 2803 1535 2847 remedium
1575 2809 1649 2857 (=
1675 2803 1737 2846 M
1754 2807 1810 2846 36
1837 2802 1938 2861 pq‘)

256 2856 380 2900 ἄλλο.
434 2858 775 2914 ὃαφνοκόκκων
800 2861 955 2917 λίτρας
978 2860 1029 2904 τὸ
1053 2858 1206 2917 ἥμισυ,
1241 2862 1371 2906 οἰνου
1396 2865 1600 2906 παλαιοῦ
1624 2864 1783 2919 λίτραν
1809 2863 1936 2919 μίαν,
2012 2876 2014 2878 ’

255 2917 413 2973 νίτρου
460 2917 511 2962 τὸ
551 2918 752 2976 ἀρκοῦν,
797 2919 847 2964 τὸ
887 2921 1047 2977 νίτρον
1086 2920 1168 2964 καὶ
1206 2919 1264 2964 τὰ
1311 2920 1618 2977 ὃαφνόκοκκα
1660 2921 1814 2979 κόψας
1855 2921 1938 2965 καὶ
