2060 3232
218 255 280 303 ab
319 268 361 300 a.
397 245 579 317 370¹),
619 252 894 300 consularis
933 252 1018 301 vix
1055 251 1188 300 idem
1224 251 1439 299 iudicari
1475 255 1645 315 potest
1683 254 1772 316 qui
1803 255 1896 303 sub

216 326 546 375 Constantino
597 328 846 375 corrector
900 325 1099 373 Siciliae
1149 325 1262 373 fuit.
1315 340 1368 372 *a
1420 327 1672 375 consulari
1726 330 1899 376 autem

213 416 315 449 non
353 400 606 450 diversum
645 415 748 447 esse
790 398 1052 462 Pelagonii
1090 398 1308 447 amicum
1345 399 1557 448 eundem
1592 401 1759 450 virum
1797 402 1896 449 cla-

212 467 519 540 rissimum2)
549 474 651 521 iam
681 473 986 537 Borghesius
1017 472 1200 520 statuit
1230 487 1392 535 neque
1421 475 1598 535 postea
1630 474 1897 538 quisquam

214 547 477 596 oblocutus
529 550 605 595 est
615 540 674 613 3).
750 547 810 594 de
862 545 1039 594 ceteris
1091 545 1274 606 quibus
1324 560 1468 594 curas
1521 547 1894 610 medicinasque

214 621 521 683 conscriptas
560 620 772 668 tradidit
809 619 1137 683 Pelagonius,
1176 611 1491 684 Festiano4)‚
1535 619 1754 685 Falerio,
1804 622 1894 669 Pa-

211 695 382 758 piano,
423 694 616 742 Lucilio
630 687 695 759 5),
736 692 965 755 Astyrio,
1004 692 1132 739 nihil
1170 691 1296 740 certi
1332 692 1579 741 traditum
1618 697 1705 742 est.
1782 711 1894 757 pro-

212 768 375 816 babile
399 771 568 816 tamen
600 768 725 815 duco
759 782 873 814 cum
902 766 1179 829 Borghesio
1210 765 1474 827 Astyrium
1506 767 1610 816 sive
1634 766 1894 816 Asterium

211 842 377 904 gentis
425 841 636 889 Turciae
681 839 858 903 fuisse,
905 841 1118 887 fortasse
1165 839 1219 886 L.
1261 839 1501 887 Turcium
1545 839 1894 903 Apronianum

210 914 469 963 Asterium
513 915 823 977 praefectum
868 913 1005 960 urbis
1053 928 1095 960 a.
1130 914 1260 976 363,
1307 913 1371 961 ad
1417 929 1566 976 quem
1615 915 1780 962 edicta
1817 930 1893 962 re-

209 988 443 1036 feruntur
488 989 548 1036 de
592 988 856 1050 pecoribus
902 986 1173 1036 vendendis
1221 989 1272 1034 et
1318 986 1378 1034 de
1426 987 1608 1035 suariis
1654 987 1788 1035 CIL.
1821 987 1894 1035 VI

214 1063 371 1110 1770.
415 1064 479 1110 17
489 1054 625 1127 71⁶).
689 1077 817 1124 quae
850 1060 1016 1108 omnia
1055 1060 1333 1123 generatim
1371 1060 1635 1124 Pelagonii
1673 1063 1893 1109 aetatem

209 1134 523 1198 confirmant,
579 1135 831 1197 scripsisse
887 1151 1001 1182 eum
1052 1135 1168 1195 post
1221 1133 1441 1182 medium
1495 1135 1754 1183 saeculum
1804 1135 1892 1197 IV,

208 1224 370 1270 neque
409 1210 580 1256 tamen
618 1208 881 1256 certiorem
918 1207 1157 1269 temporis
1197 1207 1537 1256 definitionem
1574 1208 1891 1270 permittunt.

205 1284 407 1343 praeter
443 1281 724 1344 Apsyrtum
756 1298 782 1330 e
816 1281 1018 1330 Graecis
1050 1282 1377 1343 scriptoribus
1407 1282 1621 1329 maxime
1661 1282 1893 1330 adhibuit

207 1354 491 1419 Eumelum,
517 1355 612 1404 etsi
634 1371 884 1419 nusquam
906 1349 1200 1422 nominatT).
1242 1358 1497 1403 auctorem
1515 1355 1892 1418 philograecum

178 1444 306 1476 ·non
357 1444 521 1491 pauca
573 1429 820 1479 vocabula
874 1428 1063 1478 Graeca
1117 1430 1484 1493 demonstrant,
1547 1429 1719 1492 qualia
1773 1430 1892 1477 sunt

328 1613 371 1668 1)
403 1611 718 1657 Mommsenus
749 1614 873 1669 apud
898 1615 1246 1658 Lachmannum
1279 1613 1486 1658 Gromat.
1518 1612 1620 1658 Lat.
1644 1614 1687 1656 II
1718 1628 1763 1669 p.
1789 1616 1891 1656 207.

325 1674 370 1726 2)
404 1671 462 1716 cf.
497 1670 631 1727 epist.
663 1676 982 1728 contentusque
1012 1687 1111 1718 sum
1140 1687 1207 1717 me
1238 1686 1293 1716 ex
1323 1677 1407 1716 tua
1438 1673 1645 1717 claritate
1677 1673 1847 1727 florere.

325 1731 372 1786 3)
405 1729 461 1773 cf.
495 1729 654 1787 Pelag.
686 1736 764 1775 27:
807 1732 939 1776 aliud
970 1733 1090 1788 quod
1121 1731 1248 1788 apud
1283 1731 1452 1775 Tuscos
1484 1736 1708 1776 amatores
1737 1735 1887 1775 astur-

204 1801 366 1832 couum
396 1801 475 1845 eyo
506 1790 667 1833 didici.
730 1791 1034 1846 Arzygiorum
1067 1792 1358 1848 epigramma
1396 1789 1447 1832 in
1478 1790 1580 1833 basi
1612 1790 1787 1833 Romae
1818 1803 1890 1834 re-

205 1847 341 1903 perta
379 1847 604 1904 scriptum
645 1847 797 1893 edidit
838 1850 1044 1893 Huelsen
1084 1851 1115 1894 1.
1148 1864 1185 1894 c.
1225 1865 1270 1906 p.
1304 1852 1391 1893 496
1430 1849 1504 1906 (=
1535 1847 1706 1893 Kaibel
1744 1848 1886 1892 Inscr.

204 1904 407 1951 Graecae
437 1920 483 1950 n.
517 1911 642 1951 968a
671 1907 883 1954 Addend.
914 1923 959 1964 p.
985 1910 1101 1964 695).

322 1968 368 2021 4)
401 1965 474 2008 Ad
496 1966 621 2011 hunc
643 1965 870 2022 plurimas
901 1965 1034 2010 misit
1057 1967 1282 2024 epistulas
1308 1967 1368 2023 (v.
1394 1966 1523 2019 ind).
1572 1980 1628 2010 ex
1652 1978 1754 2022 cap.
1779 1964 1886 2008 XIV

204 2023 470 2081 colligimus
494 2023 802 2081 Pelagonium
824 2039 918 2070 non
947 2025 1087 2070 modo
1112 2026 1242 2082 equis
1268 2024 1408 2070 amici
1432 2023 1514 2068 sed
1537 2024 1642 2080 ipso
1665 2023 1884 2068 Festiano

201 2083 302 2126 viro
335 2082 596 2128 clarissimo
630 2086 734 2141 (216
769 2084 1052 2142 ‘congruum
1084 2088 1176 2140 est,
1217 2086 1272 2128 ut
1301 2085 1359 2128 de
1389 2082 1563 2128 lumbis
1594 2084 1644 2128 et
1673 2084 1731 2127 de
1763 2083 1885 2127 reni-

201 2142 287 2185 bus
328 2143 456 2199 apud
494 2143 749 2187 claritatem
786 2148 914 2188 tuam
951 2157 1101 2200 pauca
1132 2143 1389 2200 dicamus')
1429 2142 1616 2187 renibus
1656 2141 1885 2187 dissoluto

200 2199 458 2244 medicinas
487 2200 774 2257 praebuisse.

319 2261 363 2316 5)
404 2260 620 2304 Fortasse
651 2260 779 2305 idem
811 2262 884 2305 est
914 2260 1128 2306 Lucilius
1160 2260 1456 2306 Constantius
1486 2274 1526 2305 v.
1559 2274 1596 2305 c.
1629 2260 1883 2304 consularis

207 2318 400 2362 Tusciae
423 2323 466 2363 et
495 2319 708 2365 Vmbriae
739 2319 869 2364 tituli
890 2319 1115 2365 Lunensis
1139 2334 1288 2376 nuper
1318 2319 1514 2378 reperti,
1545 2317 1728 2364 Notizie
1754 2317 1882 2375 degli

199 2376 328 2421 soavi
361 2381 474 2421 1890
506 2393 551 2434 p.
577 2384 677 2423 377.
1308 2409 1311 2411 »

321 2437 366 2492 6)
406 2436 531 2480 Bene
562 2436 808 2482 Henzenus
840 2438 901 2483 ad
932 2438 1056 2484 CIL.
1088 2438 1154 2483 VI
1189 2443 1316 2484 1772.
1344 2443 1458 2483 1773
1485 2437 1682 2481 adnotat
1711 2435 1882 2480 Valen-

199 2495 431 2539 tinianum
456 2497 505 2538 et
529 2496 777 2540 Valentem
800 2497 1110 2542 rescribentes
1136 2497 1195 2542 ad
1218 2498 1567 2542 Praetextatum
1590 2495 1882 2553 praefectum

198 2553 325 2598 urbis
366 2566 405 2597 a.
439 2553 628 2612 367l368
662 2554 773 2601 Cod.
806 2555 982 2601 Theod.
1017 2562 1095 2614 14,
1127 2562 1176 2612 4,
1209 2561 1238 2600 4
1285 2558 1449 2614 quibus
1494 2557 1546 2600 iu
1591 2556 1723 2600 rebus
1761 2556 1883 2600 illud

198 2626 370 2670 quoque
413 2627 443 2656 a
484 2613 705 2659 decessore
747 2620 826 2660 tuo
868 2617 1114 2661 salubriter
1151 2617 1413 2661 institutum
1450 2621 1534 2670 est,
1581 2628 1667 2671 quo
1706 2614 1882 2659 suariis

197 2672 475 2716 aestimandi
506 2673 691 2718 licentia
722 2675 963 2732 deneyetur
994 2690 1031 2720 e.
1067 2690 1110 2731 q.
1144 2691 1178 2722 s,
1236 2674 1379 2719 edicti
1409 2690 1458 2720 n.
1494 2679 1609 2719 1770
1649 2675 1718 2718 ita
1749 2687 1881 2717 men-

196 2729 371 2774 tionem
403 2730 555 2775 facere
595 2736 648 2777 ut
685 2732 736 2776 id
774 2734 935 2790 paucis
968 2734 1101 2778 annis
1141 2736 1250 2779 ante
1280 2734 1457 2778 factum
1496 2747 1596 2778 esse
1631 2733 1879 2789 appareat;

197 2803 243 2830 n.
269 2792 381 2833 1771
415 2790 572 2834 autem
596 2791 802 2837 eiusdem
829 2806 928 2838 esse
951 2793 1179 2851 praefecti
1209 2806 1264 2838 ac
1292 2797 1405 2838 1770
1437 2792 1745 2837 similitudine
1769 2804 1879 2847 pro-

197 2846 298 2890 bari
329 2848 606 2903 argumenti.

319 2908 364 2961 7)
397 2906 515 2952 Vide
549 2910 796 2954 comment.
830 2924 867 2955 e.
901 2925 966 2968 gr.
1001 2914 1060 2958 ad
1095 2916 1192 2957 171.
1229 2915 1325 2955 193.
1359 2915 1446 2955 204
1463 2924 1531 2967 sq.
1565 2911 1653 2954 cet.
