2060 3232
0 3140 13 3232 :DQ-RQ
0 3096 11 3136 „ax-
0 3087 3 3090 ’

144 243 205 288 27

142 685 206 731 28

140 1053 205 1098 29

139 1273 204 1318 30

883 90 1245 142 *40*

335 228 512 292 Aliud,
564 227 699 291 quod
744 228 880 291 apud
918 228 1104 276 Tuscos
1151 228 1399 276 amatores
1446 229 1770 276 asturconum
1819 242 1911 290 ego

224 303 387 352 didici.
465 318 671 367 gramen
710 302 845 364 quod
889 301 941 349 in
987 303 1121 349 terra
1158 300 1402 365 nascitur,
1453 300 1506 349 id
1551 302 1628 349 est
1663 299 1912 348 radicinas

222 379 379 441 ipsaS,
428 391 552 439 quas
590 376 885 439 plerumque
924 376 1149 423 aratrum
1187 375 1386 438 evertit,
1426 375 1661 424 collectas
1696 375 1912 437 quantas

221 449 442 501 volueris
493 451 544 499 et
591 450 722 498 lotas
773 449 1039 513 diligenter
1087 464 1202 497 cum
1249 448 1432 497 hordeo
1488 449 1539 497 et
1591 463 1707 497 cum
1754 447 1912 510 paleis

220 525 431 574 minutis
470 524 587 572 dare
626 522 806 571 cotidie
839 522 1082 571 convenit.
1144 537 1262 569 nam
1294 523 1346 570 et
1379 521 1523 583 equis
1554 523 1720 570 aetate
1752 522 1914 570 adhuc
1959 547 1982 567 ,

222 598 497 648 minoribus
534 596 769 659 praebere
809 596 1020 644 eundem
1058 594 1225 642 cibum
1260 594 1591 642 utilissimum
1628 597 1716 643 est.

333 671 500 720 Aliud.
577 669 778 731 lupinos
833 671 1019 731 coctoS,
1074 667 1160 716 sed
1213 668 1335 716 satis
1387 668 1577 733 dulceS,
1631 669 1707 716 ita
1753 670 1814 716 ut
1865 671 1915 717 et

222 747 371 795 homo
411 743 691 806 manducet,
731 742 795 790 ad
826 741 1114 790 satietatem
1145 741 1469 791 comedendos
1502 758 1630 805 equo
1662 741 1912 805 praebeto.

223 820 444 882 accipere
485 819 655 866 autem
691 816 829 864 ultra
873 815 1099 865 modium
1145 815 1325 864 cotidie
1372 815 1583 864 debebit.
1663 816 1705 863 si
1744 818 1914 865 autem

222 894 391 942 dulces
431 890 594 953 lupini
625 906 725 938 non
755 889 957 954 fuerint,
998 889 1262 951 strophum
1290 889 1487 939 faciunt
1517 892 1568 939 et
1599 890 1766 940 dolore
1805 890 1913 952 ipso
1940 904 1983 936 ιο

218 983 440 1015 maciem.

330 1038 498 1087 Aliud.
576 1039 836 1087 castaneas
881 1038 1132 1101 furnataS,
1183 1039 1342 1086 tostas
1389 1039 1441 1086 et
1486 1040 1662 1086 tunsas
1712 1038 1766 1086 in
1810 1038 1914 1101 pilo

219 1130 335 1163 cum
372 1111 555 1161 hordeo
595 1111 847 1175 praebeto,
886 1110 961 1159 ita
991 1113 1161 1159 tamen
1190 1112 1252 1158 ut
1281 1127 1371 1161 nec
1403 1111 1526 1161 satis
1557 1112 1783 1161 minutae
1816 1111 1917 1160 sint

221 1189 482 1236 castaneae
520 1201 610 1233 nec
648 1200 822 1232 rursus
861 1184 1100 1248 integrae.

329 1260 467 1308 Haec
514 1258 682 1308 omnia
726 1258 888 1307 hieme
934 1258 1096 1306 facere
1144 1258 1388 1307 convenit.
1465 1261 1797 1322 posteaquam
1841 1276 1915 1308 re·
1940 1273 1983 1305 15

218 1334 407 1397 ceperit
436 1333 690 1397 integrum
721 1348 915 1396 corpuS,
946 1332 1197 1381 abstineas
1230 1332 1586 1396 suprascriptis
1619 1333 1763 1382 cibis:
1794 1334 1915 1382 tunc

215 1408 335 1456 faba
360 1409 411 1456 et
441 1407 623 1455 hordeo
655 1422 782 1469 puro
814 1406 1111 1455 nutriendus
1142 1407 1230 1454 est.
1279 1406 1662 1456 custodiendum
1685 1409 1760 1456 est
1783 1423 1916 1471 sane,

214 1484 278 1530 ut
314 1482 512 1545 integra
550 1496 758 1543 corpora
795 1480 1089 1542 praesertim
1126 1480 1180 1527 in
1219 1480 1362 1543 equis
1399 1483 1739 1546 perseverent,
1788 1497 1915 1544 quae

214 1557 309 1604 hoc
340 1555 486 1604 modo
527 1554 878 1618 custodiemus,
917 1556 977 1602 ut
1016 1553 1196 1604 cotidie
1237 1554 1469 1603 manibus
1516 1555 1794 1604 multorum
1830 1555 1916 1602 fri-

218 1631 379 1692 cetur,
427 1644 484 1676 ac
537 1629 758 1676 multum
798 1629 1002 1690 prodest
1046 1643 1217 1691 pressa
1262 1644 1418 1676 manu
1463 1629 1717 1694 subegisse
1771 1631 1915 1694 terga
1939 1643 1983 1674 20

216 1703 355 1767 equi,
404 1718 556 1764 quam
595 1702 638 1749 si
675 1702 954 1766 largissime
994 1702 1129 1752 cibos
1166 1701 1418 1764 praebeas
1495 1703 1716 1752 multum
1747 1705 1918 1751 autem

215 1777 369 1825 refert
413 1776 567 1824 robur
611 1776 830 1838 corporis
879 1793 936 1824 ac
973 1777 1158 1839 pedum
1196 1792 1506 1841 conservare,
1549 1777 1683 1840 quod
1720 1779 1915 1825 utrum-

215 1867 314 1913 que
383 1849 720 1899 custodiemus
789 1850 832 1898 si
892 1850 1083 1899 idoneis
1143 1851 1451 1913 temporibus
1514 1852 1578 1899 ad
1640 1851 1915 1916 praesepia,

217 1925 283 1972 ad
322 1940 528 1987 aquam,
576 1924 641 1972 ad
679 1924 1086 1973 exercitationem
1130 1925 1344 1987 pecudes
1384 1925 1692 1988 duxerimus,
1743 1927 1835 1973 aut
1873 1925 1916 1973 si

217 1999 314 2046 iter
358 1998 567 2047 fecerint
617 2000 667 2046 et
711 1998 873 2062 frigus
929 1998 1281 2063 sustinuerint,
1330 1998 1507 2063 frigori
1553 1999 1776 2048 fomenta
1830 1999 1914 2047 ad—
1940 2012 1983 2043 25

215 2072 486 2120 hibeantur
535 2074 585 2119 et
634 2072 876 2121 calefacto
929 2073 1036 2122 oleo
1086 2072 1247 2120 lumbi
1290 2072 1520 2137 rigentur
1566 2075 1818 2136 caputque
1866 2074 1916 2122 et

217 2146 364 2208 spina
408 2146 600 2208 tepenti
647 2146 792 2208 adipe
838 2147 920 2195 vel
966 2148 1118 2195 uncto
1166 2147 1405 2195 linantur.
1483 2147 1526 2195 si
1571 2147 1770 2195 urinam
1815 2164 1914 2196 non

217 2220 404 2284 fecerit,
443 2219 663 2282 plurima
699 2220 753 2267 in
783 2221 876 2269 hoc
907 2220 1035 2269 libro
1068 2220 1290 2270 invenies
1326 2221 1557 2270 remedia.
1628 2221 1914 2269 lassitudini

218 2295 390 2342 autem
429 2295 479 2341 et
516 2292 678 2343 labori
718 2294 860 2356 quies
898 2294 1115 2343 remedio
1156 2297 1252 2360 est,
1299 2295 1374 2343 ita
1410 2297 1471 2343 ut
1508 2295 1729 2344 molliter
1766 2294 1914 2343 cubet

217 2369 271 2415 et
308 2367 361 2414 in
399 2368 568 2415 fauces
610 2368 775 2416 oleum
812 2369 894 2417 vel
933 2369 1084 2431 adeps
1123 2368 1240 2418 vino
1279 2368 1438 2417 mixta
1483 2369 1791 2417 infundatur.
1871 2369 1912 2416 si
1935 2382 1981 2413 30

334 2539 503 2581 4totas
525 2537 571 2581 R
597 2537 794 2593 (πλύνας
810 2539 889 2596 M)
917 2540 1068 2584 tostas
1092 2541 1185 2583 sive
1215 2539 1338 2583 lotas
1363 2544 1668 2596 proposuerat
1696 2539 1911 2584 Sarchia-

216 2598 325 2642 rius
355 2599 371 2653 u
403 2602 428 2640 6
460 2597 653 2652 prebere
687 2600 701 2654 ΙΙ
733 2604 759 2642 8
792 2599 986 2655 prebeto
1009 2601 1025 2656 ΙΙ
1049 2603 1075 2643 9
1106 2597 1299 2642 modum
1321 2599 1337 2656 ΙΙ
1364 2602 1417 2641 10
1459 2598 1655 2642 strofum
1679 2600 1695 2656 ΙΙ
1720 2604 1773 2642 13
1805 2613 1910 2655 pre-

218 2657 367 2712 beton
393 2660 448 2699 14
481 2659 699 2700 castanae
722 2659 738 2713 ss
764 2662 818 2701 16
851 2656 1090 2701 abstineas
1124 2672 1182 2701 se.
1214 2657 1402 2714 scripsi.-
1431 2655 1655 2701 adhibeas
1688 2671 1788 2701 sese
1819 2657 1866 2701 R
1897 2659 1911 2715 Η

222 2719 275 2758 18
315 2714 557 2771 presertim
596 2715 612 2771 ΙΙ
651 2720 708 2760 20
739 2716 960 2774 multum]
1009 2730 1210 2773 saepep
1179 2716 1284 2772 plus
1328 2715 1421 2760 Col.
1490 2716 1639 2759 multo
1669 2715 1774 2772 plus
1806 2730 1909 2762 con-

219 2774 324 2818 iecit
364 2772 518 2818 Sarch.
554 2774 569 2830 ΙΙ
600 2778 653 2817 21
681 2774 878 2830 prebeas
913 2777 929 2832 ΙΙ
967 2780 1023 2820 22
1065 2787 1250 2819 servare
1277 2774 1369 2819 Col.
1409 2775 1424 2830 ΙΙ
1459 2778 1515 2818 23
1552 2774 1839 2819 custodimus
1863 2775 1910 2820 R

220 2832 533 2876 custodiemus
559 2832 652 2878 Col.
690 2834 698 2890 Ι
741 2834 957 2891 presepia
995 2836 1010 2892 fl
1050 2840 1105 2879 26
1138 2838 1401 2879 notaveram
1429 2847 1486 2877 ex
1516 2834 1665 2878 codiee
1698 2832 1910 2890 rigentur

214 2892 307 2936 sive
337 2893 536 2946 ugentur
558 2891 574 2947 Ι]
597 2896 652 2936 27
685 2892 891 2937 linentur
