2060 3232
756 153 1113 207 -59-

194 290 361 338 Aliud.
422 289 620 338 ieiunus
660 289 712 336 in
752 305 805 338 os
845 291 963 353 equi
1000 293 1078 339 ter
1116 291 1298 353 spuito.
1792 297 1884 341 127

194 364 274 411 Ad
320 363 581 426 strophum
627 363 757 426 equi.
829 364 964 413 acori
999 390 1088 428 —,
1137 365 1306 414 anethi
1346 360 1512 430 <-->,
1563 368 1768 428 panacis
1789 371 1883 416 128

82 437 262 486 radicis
302 438 481 485 tunsae
520 431 643 501 (et)
683 436 929 486 cribratae
969 439 1188 487 cocleare
1234 454 1395 486 unum
1441 439 1558 488 vino
1598 441 1768 502 tepido

81 513 133 560 et
178 511 275 560 olei
314 537 384 545 -—-
426 511 529 558 IIII
581 511 821 573 permisce
875 511 1202 574 tepidumque
1256 512 1487 561 faucibus
1541 513 1770 577 infunde·;

11 592 60 650 ,ji-¹»
83 587 174 634 aut
212 585 255 632 si
292 601 474 647 parum
510 585 770 649 profuerit,
811 585 1030 648 caprifici
1061 586 1198 650 folia,
1239 589 1489 649 quantum
1527 587 1649 636 satis
1682 592 1771 652 est,

8 654 21 724 -J
87 661 139 708 et
188 658 373 707 siccani
418 658 601 708 holeris
646 660 945 708 tantundem
989 659 1042 707 in
1086 676 1247 709 unum
1292 663 1514 710 conteres
1560 663 1612 710 et
1658 677 1772 710 cum

4 727 19 779 ί
85 749 218 796 aqua
255 733 428 795 tepida
465 749 555 795 per
592 733 819 781 triduum
859 733 1011 782 dabis.

198 805 252 854 Si
298 806 416 869 equi
468 806 707 855 intestina
761 807 1013 856 doluerint
1058 802 1182 871 (et)
1236 808 1391 856 fuerit
1451 809 1770 873 tortionatus,
1788 815 1882 862 129

83 880 359 928 remedium
389 879 676 929 incredibile
710 881 845 943 quod
874 898 964 943 per
1001 897 1052 929 se
1092 878 1130 946 †
1147 882 1426 930 ostendere:
1464 899 1646 931 nomen
1685 883 1770 932 do-

8 967 59 1003 ,ιο
85 954 210 1002 mini
263 954 485 1003 eiusdem
539 954 770 1002 animalis
817 955 869 1002 in
922 971 1105 1004 corona
1157 956 1297 1018 pedis
1352 956 1513 1004 dextri
1558 957 1768 1020 graphio

77 1028 382 1091 perscribito.

186 1102 354 1150 Aliud.
418 1102 460 1150 si
497 1102 678 1151 fortior
715 1102 870 1151 fuerit
908 1103 1142 1165 strophus
1188 1105 1238 1151 et
1276 1105 1451 1151 venter
1486 1120 1588 1153 non
1626 1105 1762 1168 facit,
1785 1112 1880 1158 13⁰

77 1176 255 1239 utique
309 1176 521 1225 caudam
574 1176 708 1224 intra
763 1191 909 1225 coxas
963 1177 1124 1224 mittit
1185 1179 1236 1224 et
1299 1177 1546 1226 convertit
1600 1194 1650 1227 se
1705 1179 1770 1227 ad

76 1252 302 1299 ventrem
355 1266 526 1298 suum:
580 1250 864 1312 potionabis
918 1253 1063 1299 rutae
1120 1251 1376 1299 silvaticae
1432 1266 1600 1300 semen
1655 1268 1771 1300 cum

0 1337 54 1371 ,15
76 1340 206 1373 Vino.
594 1373 598 1376 .

0 1405 2 1408 ’
188 1397 356 1446 Aliud.
442 1413 588 1460 cepas
642 1398 810 1447 decem
861 1400 1012 1462 teres,
1065 1398 1188 1447 ficus
1243 1398 1400 1447 siccae
1457 1413 1580 1461 scrp.
1628 1400 1766 1463 VIII,
1785 1407 1880 1452 131

79 1472 201 1520 nitri
239 1488 387 1536 scrp.,
435 1472 707 1521 columbini
746 1471 975 1521 stercoris
1015 1487 1138 1535 scrp.
1178 1472 1301 1519 Im:
1339 1472 1456 1520 hinc
1494 1473 1668 1537 facieS,
1718 1474 1770 1521 id

0 1553 3 1556 ’
79 1548 154 1594 est
191 1546 250 1594 de
291 1546 542 1609 omnibuS,
582 1546 792 1608 collyria
829 1546 882 1594 Π
917 1547 999 1596 vel
1036 1546 1157 1610 tria,
1197 1546 1249 1593 in
1290 1561 1444 1594 anum
1480 1546 1655 1595 mittis.

188 1619 356 1668 Aliud.
421 1620 732 1683 clysteriabis
772 1635 890 1669 suco
930 1620 1158 1668 cantabri
1206 1636 1320 1668 cum
1364 1620 1518 1684 nitro,
1565 1621 1761 1670 malvae
1780 1629 1872 1673 132

0 1695 55 1740 ’20
77 1694 316 1742 erraticae
365 1694 501 1743 floris
551 1694 669 1743 sicci
721 1709 845 1756 scrp.
895 1694 967 1758 II,
1028 1694 1126 1742 olei
1178 1694 1391 1742 hemina.
1470 1694 1512 1741 si
1561 1697 1769 1743 ventum

75 1784 175 1816 non
223 1768 515 1832 reddiderit,
567 1768 749 1817 adicies
799 1768 853 1815 in
899 1769 1164 1831 clysterem
1208 1767 1490 1830 palumbini
1537 1769 1767 1818 stercoris

76 1857 201 1904 scrp.
240 1842 356 1890 IIII.
431 1844 546 1905 post
592 1843 856 1905 clysterem
902 1842 1166 1890 ambulans
1213 1842 1335 1890 satis
1383 1842 1630 1906 quiescat,
1682 1844 1768 1891 sed

75 1916 214 1978 prius
252 1919 478 1965 ventrem
515 1916 678 1965 calida
716 1916 919 1965 fovebis.

0 2036 3 2041 .
187 1989 343 2038 Aliud
382 1991 685 2053 clysterium.
746 1990 888 2039 betas
928 1991 980 2038 in
1020 2006 1154 2052 aqua
1200 1991 1445 2052 decoques
1492 1992 1543 2038 et
1588 2006 1764 2039 sucum
1782 1997 1875 2042 133

10 2076 53 2110 25
75 2063 207 2113 nitro
247 2065 423 2113 misces
462 2081 577 2113 cum
616 2065 713 2114 olei
750 2064 950 2112 hemina
990 2066 1040 2112 et
1079 2064 1149 2112 sic
1188 2064 1373 2112 inicies.

186 2138 353 2186 Aliud.
432 2141 591 2187 setam
644 2138 895 2187 verrinam
954 2140 1004 2186 et
1049 2138 1212 2199 pilum
1264 2138 1498 2200 lupinum
1544 2140 1595 2185 et
1639 2139 1762 2186 mali
1783 2144 1874 2189 134

75 2213 276 2276 granati
326 2212 560 2261 corticem
616 2212 669 2259 in
721 2211 836 2260 licio
885 2212 1176 2275 suspendes,
1234 2213 1285 2259 et
1338 2211 1381 2258 si
1432 2211 1526 2259 hoc
1579 2227 1763 2273 pamm

76 2288 164 2349 est,
204 2287 430 2335 chartam
467 2302 649 2348 puram
687 2285 945 2334 combures
985 2287 1036 2333 et
1080 2285 1247 2333 bibere
1294 2285 1435 2333 dabis
1483 2301 1597 2333 cum
1644 2286 1762 2334 vino

76 2360 245 2408 veteri.

194 2528 220 2567 2
262 2524 459 2568 strofum
501 2524 508 2576 Ι
548 2522 677 2568 aneti
713 2525 728 2581 ΙΙ
767 2528 793 2567 3
837 2522 1041 2566 radicem
1084 2524 1225 2566 tunsa
1277 2521 1483 2566 cribrata
1532 2522 1766 2579 cocliarel

48 2595 52 2598 ·
77 2587 102 2626 9
121 2597 203 2639 per
220 2597 270 2642 se
287 2583 509 2628 onstende
534 2583 549 2638 ΙΙ
573 2587 630 2627 10
648 2582 790 2638 grafio
815 2583 829 2639 ΙΙ
857 2587 910 2625 12
929 2582 1098 2626 strofus
1122 2583 1138 2639 ΙΙ
1165 2587 1217 2625 13
1236 2580 1359 2625 infra
1374 2581 1421 2625 R
1459 2580 1631 2637 μεταξύ
1658 2581 1711 2624 Η

80 2641 222 2696 (intra
261 2642 383 2698 Vey.)
406 2643 423 2698 ΙΙ
449 2646 502 2686 16
535 2641 682 2685 siccas
705 2643 722 2697 ΙΙ
747 2645 799 2686 17
834 2640 1037 2686 columbi
1077 2643 1252 2684 stercus
1275 2641 1290 2696 ss
1317 2645 1370 2684 19
1412 2640 1684 2683 cantabricsi
1716 2640 1763 2685 R

79 2701 346 2745 cantabrico
380 2701 537 2746 Sarch.
576 2703 593 2757 ΙΙ
634 2704 692 2744 20
723 2699 808 2744 flos
848 2701 1020 2743 siccum
1062 2700 1071 2756 Ι
1112 2699 1203 2743 olei
1236 2700 1355 2743 hem.
1388 2698 1436 2743 R
1491 2694 1650 2742 ἐλαίου
1683 2697 1766 2742 καὶ

79 2759 209 2803 οἴνου
237 2757 280 2803 δ’
307 2759 348 2803 c‘
382 2759 445 2803 M
471 2760 603 2818 (Vey.
620 2760 778 2804 vinum
793 2760 954 2815 omitt.)
978 2761 993 2817 ΙΙ
1017 2764 1070 2802 21
1089 2758 1301 2815 palumbi
1324 2761 1526 2801 stercore
1550 2759 1564 2814 ss
1589 2762 1644 2801 22
1663 2771 1763 2801 am-

75 2817 236 2862 hulam
274 2820 290 2874 fl
327 2822 383 2861 23
426 2822 589 2863 uentre
632 2822 639 2874 Ι
681 2817 834 2862 calida
878 2817 1060 2862 fovebis
1106 2818 1293 2873 scripsi.-
1339 2814 1619 2860 calidaueris
1667 2816 1714 2861 R
1748 2816 1765 2876 ΙΙ

78 2901 136 2940 24
169 2878 300 2942 &etas
323 2898 398 2942 R¹
422 2898 471 2954 (b
496 2899 655 2943 delevit
682 2899 966 2954 Pontianus)
989 2899 1004 2954 ιι
1030 2904 1084 2942 26
1109 2897 1261 2954 pilum
1285 2896 1469 2941 Saron„-
1499 2895 1662 2952 pinum
1685 2897 1733 2942 R
1749 2896 1765 2955 Η

78 2960 135 3000 27
167 2971 365 3013 paruum
387 2959 404 3013 ΙΙ
425 2962 482 3002 28
515 2956 725 3001 cartham

2049 1930 2060 2228 mem-‘nm
2054 1832 2060 1910 ,ιζ-ψ
2056 1778 2060 1812 ,-.
2058 1701 2060 1720 Α,
2058 1681 2060 1687 ,
2059 1593 2060 1597 Α

2036 2965 2048 3010 -α-ᾈ

2035 2740 2060 2996 „iffi-5:³⁷5&
2041 2537 2060 2728 arim

2034 3006 2060 3081 ἑκ·-
