2060 3232
839 134 1202 187 -91-

174 269 336 320 maior
373 272 461 335 est,
500 271 642 319 tanto
681 269 893 318 maiores
932 269 1177 332 imprimit
1217 283 1426 332 morsuS,
1468 271 1655 330 q‘uanto
1695 269 1859 319 minor

175 344 516 407 momorderit,
564 345 707 392 tanto
752 343 951 392 facilius
999 346 1217 392 curatur.
1287 343 1364 390 his
1412 344 1583 390 autem
1629 343 1856 392 omnibus

173 418 315 481 peior
363 420 438 466 est
481 432 675 466 morsus
725 417 1048 482 praegnantis
1094 417 1251 465 muris
1305 418 1358 465 et
1409 415 1704 464 manifestus
1760 420 1856 480 est3

173 491 263 554 qui
299 493 469 539 tamen
505 491 652 539 facile
691 491 1069 555 intelleguntur,
1109 491 1152 539 si
1182 490 1342 539 maior
1371 492 1541 539 tumor
1571 490 1624 538 in
1655 505 1858 552 corpore

126 575 150 610 5
173 565 291 627 equi
329 567 581 627 appareat.
643 565 736 614 hoc
774 565 921 614 modo
962 564 1350 614 succurrendum
1389 578 1493 612 esse
1525 562 1858 613 certissimum

172 641 271 686 est:
312 638 411 686 alio
451 638 572 687 trito
614 654 728 687 cum
765 639 898 687 nitro
938 640 1049 702 aut,
1090 639 1133 687 si
1170 638 1361 686 nitrum
1398 654 1498 687 non
1537 637 1712 701 fuerit,
1754 640 1856 687 sale

171 714 222 760 et
275 711 471 774 cymino
526 715 746 761 tumores
797 715 848 760 et
893 728 1087 761 morsus
1135 711 1498 775 suprascriptos
1546 711 1855 760 confricabis.

170 786 214 834 si
241 788 412 834 autem
441 788 662 834 tumores
693 786 976 848 inruperint
1005 786 1229 850 vulnera,
1261 801 1413 848 posca
1444 785 1617 834 eadem
1647 787 1857 835 vulnera

169 859 321 907 diluis
368 861 419 908 et
469 859 712 908 hordeum
765 859 1084 908 combustum
1132 861 1184 908 et
1232 860 1285 907 in
1334 860 1550 908 cinerem
1597 860 1857 908 redactum

106 944 150 976 ιο
171 933 462 982 vulneribus
502 932 695 996 spargis
735 935 787 981 et
823 933 950 980 nihil
989 932 1130 981 aliud
1174 933 1370 997 feceriS,
1423 933 1542 995 quia
1580 933 1741 997 magis
1781 934 1854 982 in-

171 1008 401 1055 crescunt
437 1007 661 1070 vulnera,
701 1006 744 1054 si
783 1007 882 1055 alio
921 1007 1247 1055 medicamine
1294 1007 1558 1055 curaveris
1598 1008 1855 1069 potionem

170 1095 288 1129 sane
327 1080 567 1129 anethum
604 1080 784 1128 tritum
823 1096 937 1129 cum
976 1080 1141 1129 cedria
1180 1083 1231 1129 et
1269 1097 1384 1129 cum
1422 1081 1538 1130 vino
1579 1081 1732 1129 dabis.

279 1154 408 1203 Item
462 1154 506 1202 si
567 1170 755 1217 equum
814 1154 1084 1218 phalangio
1147 1155 1475 1219 percusserit,
1530 1155 1716 1217 piperis
1764 1181 1849 1220 —,
1870 1153 1964 1199 282

167 1228 393 1290 pyrethri
439 1243 578 1292 sem,
631 1243 760 1277 uvae
809 1228 1065 1277 silvaticae
1113 1246 1206 1276 -ε
1262 1228 1462 1292 singula
1520 1229 1690 1293 terito,
1738 1244 1853 1277 cum

8 1335 10 1339 ,
100 1313 142 1346 15
165 1302 281 1351 vino
320 1302 550 1351 faucibus
589 1301 854 1350 infundito.

254 1376 406 1424 ‘Item
445 1376 487 1424 si
524 1375 696 1438 vipera
736 1378 826 1424 aut
871 1375 1141 1439 phalangio
1190 1377 1281 1423 aut
1325 1390 1437 1424 mus
1485 1391 1697 1424 araneus
1743 1392 1846 1424 mo·
1869 1366 1965 1411 283

165 1449 416 1514 morderit,
455 1450 658 1512 prodest
695 1451 882 1498 terram
927 1450 1250 1498 formicarum
1295 1466 1411 1498 cum
1455 1449 1572 1498 vino
1619 1449 1851 1498 faucibus

164 1523 424 1572 infundere
464 1525 555 1571 aut
592 1523 703 1585 ipsa
739 1524 950 1572 vulnera
988 1523 1272 1572 confricare.
1336 1523 1423 1571 sed
1461 1525 1511 1571 et
1548 1523 1700 1572 verba
1738 1523 1851 1572 reli-

167 1597 310 1660 giosa
347 1613 448 1645 non
486 1597 661 1644 desint.
724 1612 843 1644 nam
875 1597 961 1646 Sol
991 1596 1314 1659 peculiariter
1344 1596 1574 1646 dominus
1606 1613 1852 1660 equorum

3 1667 5 1693 ³
97 1682 141 1713 20
164 1670 424 1719 invocatus
465 1670 529 1718 ad
565 1670 810 1718 medelam
848 1670 1000 1718 adest.
1066 1687 1215 1733 quem
1252 1671 1345 1719 hoc
1383 1670 1552 1735 modo,
1593 1687 1708 1719 cum
1753 1674 1850 1719 ter-

163 1760 273 1792 ram
310 1745 566 1806 talparum
604 1744 823 1806 coeperis
862 1745 1052 1808 tollere,
1091 1745 1367 1794 invocabis:
1405 1744 1526 1808 ictu,
1567 1744 1654 1793 Sol
1685 1746 1850 1795 divine

164 1818 322 1866 calide
362 1820 414 1866 et
450 1817 651 1881 frigide,
699 1820 901 1866 tantum
945 1818 1070 1866 mihi
1117 1818 1427 1867 abalienasti.
1490 1819 1583 1867 hoc
1629 1819 1760 1868 dices
1799 1823 1850 1869 et

165 1891 558 1954 suprascriptam
595 1891 840 1940 medelam
878 1892 1108 1941 faucibus
1147 1892 1367 1941 infunde.

273 1965 404 2014 Item
434 1966 477 2013 si
508 1981 696 2028 equum
724 1966 778 2013 in
808 1966 1001 2031 itinere,
1032 1966 1122 2014 ubi
1147 1966 1328 2015 desunt
1351 1967 1642 2031 necessaria,
1674 1967 1846 2030 vipera
1864 1982 1959 2028 284

6 2031 11 2088 ἶ
97 2049 141 2083 25
163 2039 484 2104 percusserit,
538 2039 742 2102 prodest
793 2040 980 2102 piperis
1034 2056 1192 2104 grana
1237 2041 1375 2088 XXX
1422 2057 1536 2089 cum
1582 2043 1701 2089 sext.
1741 2042 1847 2100 vini

161 2114 343 2161 veteris
388 2130 477 2176 per
526 2129 682 2163 cornu
728 2114 958 2162 faucibus
1008 2114 1290 2177 infundere,
1347 2116 1438 2161 aut
1490 2114 1696 2162 herbam
1733 2115 1846 2177 thy-

161 2203 301 2235 mum
338 2187 514 2235 tritam
552 2189 603 2236 et
642 2187 813 2235 datam
851 2203 966 2236 cum
1002 2187 1119 2236 vino
1165 2187 1397 2250 prodesse
1445 2187 1752 2236 adseverant.

271 2261 401 2309 Item
454 2261 497 2309 si
548 2275 660 2308 mus
716 2276 928 2316 araneus
986 2276 1173 2324 equum
1229 2261 1571 2326 momorderit,
1627 2262 1846 2311 malvam
1863 2275 1957 2322 285

162 2336 423 2383 contusam
460 2334 718 2397 imponito.

3 2446 8 2458 ,
95 2418 139 2451 ³0
272 2408 402 2456 Item
440 2408 483 2456 si
522 2423 680 2471 equus
727 2410 818 2456 aut
862 2408 1035 2470 vipera
1082 2410 1173 2456 aut
1218 2408 1280 2457 ab
1328 2408 1497 2471 aliquo
1545 2409 1691 2458 noxio
1740 2410 1843 2457 ani·
1865 2419 1959 2465 28ss

161 2482 285 2530 mali
321 2482 476 2530 fuerit
512 2497 789 2547 percussuS,
829 2482 900 2531 sic
938 2481 1157 2531 curabis:
1205 2482 1310 2532 ervi
1347 2483 1565 2532 radicem
1603 2483 1844 2533 conterito

283 2699 310 2739 3
341 2695 613 2754 pregnantis
636 2698 703 2754 114
733 2695 1061 2752 intelliguntur
1085 2698 1100 2754 ΙΙ
1131 2701 1157 2740 6
1197 2696 1309 2742 allio
1339 2698 1355 2754 ΙΙ
1386 2702 1412 2741 8
1454 2697 1494 2742 si
1533 2687 1586 2741 a't
1623 2699 1676 2741 ut
1713 2711 1843 2742 umo-

161 2768 232 2798 res
263 2754 311 2799 R
346 2757 364 2812 ss
400 2760 427 2800 9
468 2754 686 2800 diluisset
721 2757 737 2812 ss
777 2759 830 2799 12
879 2756 1068 2799 anetum
1104 2756 1121 2811 ΙΙ
1157 2759 1212 2800 13
1260 2755 1506 2813 spalangio
1544 2757 1560 2813 ΙΙ
1600 2759 1655 2799 14
1709 2770 1822 2801 sem.

161 2821 215 2870 γό
247 2812 322 2857 oes'
348 2814 406 2858 H
459 2820 513 2871 γὸ
546 2811 587 2859 c'
620 2815 700 2873 ΡΙΙ
727 2820 780 2859 16
805 2815 965 2872 spalan
1005 2814 1015 2822 ‘
1070 2814 1087 2870 ΙΙ
1110 2818 1167 2859 20
1184 2814 1431 2859 medellam
1455 2818 1470 2872 ΙΙ
1501 2820 1556 2859 21
1589 2814 1824 2872 talparum

160 2873 431 2930 ptalparum
457 2876 465 2929 Ι
492 2872 650 2933 diuine
682 2872 854 2933 callide
888 2874 936 2917 et
991 2872 1142 2932 rigide
1172 2876 1188 2931 ss
1219 2879 1274 2918 23
1307 2874 1558 2919 medellam
1596 2875 1612 2931 ΙΙ
1650 2879 1706 2919 29
1739 2888 1845 2920 eon-

161 2937 345 2976 tunsam
369 2932 384 2987 11
408 2936 464 2976 30
495 2933 578 2977 aut
606 2932 789 2992 vipera]
822 2945 887 2978 an
917 2945 946 2976 a
975 2933 1165 2989 vipera?
1189 2936 1206 2992 Ι]
1229 2936 1284 2978 31
1316 2931 1452 2976 herbi
