2060 3232
133 272 247 305 cum
284 257 400 307 vino
432 274 521 320 per
551 272 627 321 os;
667 261 758 307 aut
789 250 1298 323 asparagisilvestris
1328 258 1509 307 radicis
1542 286 1600 294 —
1638 260 1689 308 H
1722 258 1815 323 [et]

133 346 248 379 cum
292 331 397 380 vini
441 331 623 380 veteris
662 334 781 380 sext.
830 347 866 380 s,
922 332 1188 395 decoquito
1243 331 1307 379 ad
1351 331 1603 381 heminam
1642 336 1693 382 et
1730 351 1820 397 per

134 419 290 452 cornu
328 405 467 467 dat03
518 407 609 453 aut
658 405 862 468 panacis
912 406 1093 455 radicis
1140 401 1451 454 'semunciam
1501 407 1715 455 conteris
1767 411 1818 456 et

28 501 37 503 ’Ἴ
131 493 246 526 611111
282 477 399 527 vino
439 478 570 528 dato.
640 494 758 528 sane
796 479 1019 544 prodest,
1067 481 1128 528 ut
1167 494 1361 542 semper
1398 479 1540 528 sitiat
1578 496 1667 529 nec
1705 482 1817 543 plu·

84 564 108 597 5
133 551 318 600 rimum
355 551 510 600 bibat.

8 707 35 725 [Α
129 743 290 791 ΧΠΠ.
354 744 435 792 De
474 744 693 792 lumbis
733 748 791 794 et
831 745 897 793 de
935 744 1184 866 rebnibus
1232 746 1290 793 et
1336 744 1402 793 de
1441 744 1609 793 coxis
1650 745 1712 792 et
1750 743 1817 792 de

848 834 980 882 gam
1028 833 1091 866 is.

414 919 841 969 PELAGONIVS
879 919 1213 969 FESTIANO
1255 919 1381 969 SVO
1420 920 1535 968 AIT

29 1071 34 1076 ,
241 1021 533 1087 Congruum
570 1026 646 1072 est
683 1027 744 1072 ut
782 1024 841 1072 de
880 1022 1064 1072 lumbis
1105 1026 1156 1072 et
1194 1023 1254 1071 de
1299 1023 1502 1072 renibus
1543 1024 1679 1086 apud
1717 1025 1816 1073 cla·
1833 1024 1928 1069 216

0 1084 106 1153 110
127 1096 332 1145 ritatem
375 1099 520 1145 tuam
564 1113 727 1160 pauca
773 1097 1010 1146 dicamus.
1080 1097 1281 1146 facilius
1336 1097 1468 1146 enim
1523 1098 1585 1146 ab
1633 1114 1689 1147 eo
1736 1099 1818 1147 vel

127 1170 443 1235 intellegitur
479 1171 560 1220 vel
606 1174 814 1220 curatur
863 1172 1071 1236 animal,
1121 1171 1210 1234 qui
1258 1172 1547 1234 frequenter
1596 1172 1819 1220 dolorem

129 1244 345 1293 sustinet
383 1245 609 1309 similem,
650 1245 782 1294 sicut
819 1247 869 1294 te
908 1246 982 1294 ita
1020 1245 1361 1309 intellegimus
1402 1248 1452 1294 et
1490 1245 1683 1293 nudum
1719 1245 1816 1293 fre-

129 1320 341 1380 quenter
376 1318 681 1381 inspeximus
711 1319 913 1367 renibus
945 1319 1259 1368 dissolutum.
1300 1319 1484 1381 duplex
1514 1335 1632 1383 ergo
1670 1319 1816 1367 bene-

54 1388 60 1394 “
127 1391 297 1440 116111111
326 1395 376 1441 te
409 1392 468 1441 de
501 1393 632 1441 curis
655 1392 767 1442 istis
790 1394 871 1443 vel
895 1394 954 1441 de
985 1393 1191 1441 medelis
1223 1393 1462 1454 consequi
1491 1392 1816 1440 manifestum

65 1479 107 1511 15
131 1468 220 1530 est,
259 1468 321 1514 ut
357 1469 474 1515 tuos
512 1467 837 1515 medicamine
869 1466 1118 1529 exquisito
1151 1466 1332 1515 solides
1362 1466 1559 1514 lumbos
1599 1468 1662 1530 et,
1702 1482 1818 1514 cum

128 1540 247 1602 equi
282 1541 585 1604 vexaverint,
625 1541 801 1590 similis
841 1556 872 1588 a
909 1543 961 1589 te
999 1556 1120 1589 cura
1166 1556 1224 1588 ac
1270 1539 1532 1604 diligentia
1582 1539 1817 1601 praebea-

126 1616 225 1662 tur.
288 1614 406 1677 equi
443 1616 739 1677 plerumque
778 1614 975 1663 lumbos
1014 1614 1168 1663 nimio
1215 1614 1431 1676 pondere
1478 1614 1688 1661 laedunt
1727 1615 1818 1661 aut

128 1688 171 1735 si
216 1689 404 1737 fossam
447 1688 846 1738 transcenderint
891 1690 942 1737 et
987 1688 1286 1750 posteriores
1340 1687 1489 1750 pedes
1542 1687 1816 1735 resederint

127 1764 219 1811 aut
263 1761 418 1811 nimio
473 1762 671 1827 frigore.
745 1765 868 1811 tunc
921 1778 1004 1811 eos
1059 1761 1226 1811 curari
1274 1762 1351 1809 his
1401 1761 1814 1810 medicaminibus

60 1848 104 1881 20
127 1836 372 1900 convenit,
410 1838 470 1884 ut
508 1836 670 1885 calida
701 1836 862 1884 lumbi
897 1836 1129 1900 rigentur
1167 1835 1461 1900 diutissime,
1492 1835 1814 1884 unctionibus

127 1910 441 1959 calidissimis
480 1910 641 1958 utaris
681 1913 732 1959 et
769 1912 945 1973 postea
983 1909 1218 1959 caustico.

238 1985 367 2033 Item
406 1984 449 2032 si
485 1984 703 2033 validius
750 1985 1023 2049 doluerint,
1070 1999 1226 2034 venae
1273 1984 1332 2032 de
1379 1982 1672 2047 inguinibus
1719 1982 1814 2030 sol·
1833 1986 1924 2033 217

126 2060 328 2108 vuntur.
390 2060 512 2107 tunc
544 2059 673 2107 sales
705 2061 755 2107 et
786 2058 1006 2123 axungia
1038 2060 1088 2107 et
1120 2059 1287 2107 oleum
1319 2057 1554 2121 sanguini
1585 2056 1674 2119 qui
1703 2072 1815 2118 pro-

126 2132 241 2180 fluit
262 2132 420 2180 mixta
450 2132 654 2180 renibus
678 2132 1158 2195 superimponuntur
1182 2134 1247 2195 et,
1280 2147 1395 2179 cum
1424 2146 1621 2178 necesse
1645 2130 1814 2192 fuerit,

18 2247 22 2250 ,
61 2217 105 2251 25
128 2205 587 2268 cataplasmabitur.

239 2280 368 2328 Item
422 2279 465 2328 si
517 2296 691 2328 coxam
742 2279 946 2328 laeserit
999 2279 1103 2327 sine
1165 2279 1391 2341 vulnere,
1455 2276 1813 2339 synchrismate
1832 2280 1928 2326 218

128 2353 285 2402 uteris
310 2353 484 2402 diebus
507 2370 698 2403 novem.
753 2354 867 2402 inde
891 2355 1044 2415 prout
1066 2352 1334 2415 profecerit
1356 2367 1490 2414 cura,
1515 2350 1817 2414 aestimabis,

8 2481 12 2483 ,
130 2429 181 2475 et
219 2428 261 2476 si
316 2443 512 2476 necesse
560 2427 739 2492 fuerit,
787 2429 838 2476 et
890 2427 949 2475 de
996 2426 1287 2491 inguinibus
1333 2441 1487 2474 venae
1540 2425 1815 2473 solvuntur.

7 2498 27 2570 ξ4
127 2503 249 2550 tunc
274 2501 435 2550 calido
453 2501 777 2550 medicamine
797 2517 918 2550 coxa
941 2503 1158 2565 curetur,
1182 2501 1235 2548 id
1251 2501 1326 2548 est
1343 2498 1606 2561 euphorbii
1621 2524 1682 2531 -
1698 2496 1816 2561 ΠΙΙ7

24 2722 26 2724 .
252 2690 275 2728 1
307 2699 409 2730 cum
444 2686 573 2744 vino]
605 2684 722 2742 μετὰ
761 2686 893 2730 οἴνου
934 2683 996 2740 ξέ.
1039 2685 1113 2731 ocs'
1147 2685 1254 2730 ΗΡ
1271 2686 1287 2742 ΙΙ
1312 2690 1337 2729 3
1370 2684 1478 2729 seffi'
1503 2684 1518 2739 ΙΙ
1557 2687 1583 2726 6
1634 2682 1777 2725 cossis
1802 2681 1818 2740 Η

20 2766 35 2771 -
134 2748 186 2788 11
211 2744 495 2801 intelligitur
516 2747 532 2802 ss
559 2750 611 2788 12
633 2746 863 2790 substineat
889 2747 899 2797 1
923 2744 1233 2801 intelligimus
1258 2747 1272 2802 ΙΙ
1300 2747 1354 2787 14
1378 2741 1593 2788 medellis
1616 2743 1631 2799 ss
1656 2745 1710 2786 15
1744 2754 1814 2785 so-

129 2801 225 2847 lide
249 2805 265 2858 11
291 2808 344 2847 16
375 2805 627 2860 prebeatur
649 2804 664 2860 ΙΙ
691 2808 744 2848 17
776 2804 942 2848 ledunt
963 2804 979 2860 ss
1005 2808 1059 2849 18
1090 2803 1434 2848 trascenderint
1464 2805 1480 2859 ss
1510 2805 1567 2845 20
1611 2799 1782 2844 callida
1801 2799 1819 2859 ΙΙ

9 2900 26 2916 ,44
133 2867 188 2906 22
233 2875 349 2906 116116
380 2865 397 2918 ΙΙ
427 2867 485 2906 24
522 2863 651 2907 misti
688 2865 705 2918 {l
742 2868 798 2907 26
831 2863 1041 2921 laeserit]
1090 2863 1129 2907 si
1175 2861 1347 2907 lauerit
1392 2861 1439 2908 R
1503 2859 1819 2905 stimulauerit

132 2919 288 2967 Sarch.
313 2922 329 2978 ΙΙ
359 2926 415 2966 27
454 2922 690 2979 proficerit
712 2923 727 2978 ΙΙ
751 2921 1000 2967 extimabis
1022 2923 1039 2979 ΙΙ
1063 2927 1118 2966 29
1152 2920 1335 2966 euforbi
