2060 3232
801 120 1158 174 -99-

245 258 375 307 Item
421 258 535 306 alia.
627 257 790 305 mellis
833 283 922 322 —,
978 257 1232 322 aeruginis
1289 258 1424 319 quod
1471 258 1678 322 sufficit3
1723 260 1934 308 11161325

135 332 371 396 decoquis
410 334 462 381 et
491 346 606 380 cum
634 330 877 395 frigidum
909 331 1078 395 fuerit,
1109 334 1232 380 tunc
1264 330 1310 380 61
1342 332 1632 395 aeruginem
1662 333 1823 382 mittis

135 409 186 455 et
225 408 423 456 acetum
459 404 650 454 modice
690 407 742 453 613
778 405 849 455 sic
887 405 1115 467 imponis

244 477 533 544 Malagma·
590 494 730 528 cerae
768 478 851 527 lib.
885 478 976 543 IH,
1017 479 1112 528 0161
1152 496 1199 541 p.
1233 479 1332 544 ΙΠ,
1374 494 1580 542 spumae
1628 482 1824 544 argenti
1841 483 1936 529 326

89 567 110 599 5
133 553 216 601 lib.
249 553 349 602 III:
389 552 557 603 omnia
594 553 785 615 pariter
814 553 1076 618 permixta,
1114 553 1287 601 uteris,

242 627 442 676 Pastilli
482 627 546 675 ad
584 643 727 676 omne
766 643 924 692 genus
963 627 1282 677 valetudinis.
1345 627 1434 675 iris
1472 627 1704 691 Illyricae
1735 655 1823 694 -,
1841 629 1932 678 327

133 701 481 751 aristolochiae
498 702 678 766 longae
697 697 855 767 <-—->,
869 702 1136 766 gentianae
1150 728 1232 767 -,
1253 701 1416 766 argivi
1428 728 1510 766 —-,
1527 718 1726 751 murrae
1743 728 1824 768 —,

129 775 352 838 pulveris
392 775 663 825 cicerculae
700 801 782 840 ——,
831 776 1037 838 hyssopi
1075 803 1155 840 —,
1197 776 1271 824 ari
1312 775 1493 825 Gallici
1528 803 1609 841 -—,
1659 777 1824 839 spicae

129 849 330 898 Indicae
367 876 449 915 —,
490 849 720 898 abrotoni
756 876 844 913 —,
885 865 1259 914 crocomagmae
1291 846 1456 914 <->,
1495 850 1706 899 turbisci
1741 877 1824 915 —,

64 937 108 970 ιο
129 924 421 986 petroselini
459 949 540 987 —,
580 922 782 972 seminis
823 923 927 985 apii
970 941 1060 971 —:
1098 924 1220 973 haec
1261 924 1429 973 omnia
1459 925 1612 972 tunsa
1651 926 1702 973 613
1732 925 1823 974 611-

129 998 275 1046 brata
313 1014 425 1047 cum
464 997 582 1047 vino
622 999 673 1046 613
710 997 857 1046 melle
897 999 948 1046 et
993 997 1181 1060 piperis
1230 998 1400 1062 granis
1439 998 1502 1063 L,
1544 998 1684 1047 dabis
1725 998 1823 1047 sin-

128 1072 262 1136 gulis
303 1071 605 1120 animalibus
644 1074 789 1120 terna
828 1071 1065 1120 cocliaria
1102 1089 1192 1134 per
1230 1072 1469 1120 triduum.

238 1145 319 1194 Ad
349 1146 495 1195 ulcus
520 1162 664 1194 omne
687 1145 1122 1195 medicamentum.
1170 1162 1369 1195 murrae
1394 1142 1538 1211 <-—>
1561 1147 1627 1211 II,
1659 1147 1822 1196 mellis
1840 1149 1933 1195 328

127 1219 335 1283 cyathos
366 1220 431 1284 H,
473 1219 712 1268 absinthii
750 1247 812 1253 —
848 1220 914 1284 II,
955 1220 1263 1268 absinthium
1301 1220 1525 1284 tundito,
1567 1221 1734 1269 oleum
1772 1223 1824 1270 et

60 1307 103 1341 15
127 1310 292 1343 ceram
338 1294 565 1357 coquito,
612 1310 727 1343 cum
773 1294 982 1359 coxeriS,
1030 1294 1271 1359 frigidum
1316 1294 1407 1342 fiat
1453 1296 1503 1342 et
1541 1294 1610 1343 sic
1658 1294 1821 1343 absin-

52 1395 60 1403 »
126 1368 291 1416 thium
329 1368 475 1417 mitte
515 1370 566 1416 et
611 1368 853 1433 subigito,
893 1371 954 1416 ut
992 1369 1167 1417 ceteris
1214 1368 1506 1432 misceatur,
1554 1368 1607 1416 in
1652 1384 1819 1431 panno

125 1442 325 1504 impone
364 1458 454 1505 per
490 1441 717 1490 triduum
756 1444 807 1491 et
846 1442 1006 1491 dolori
1046 1443 1169 1491 satis
1207 1442 1422 1505 prodest.

220 1516 563 1565 ‘Anacollema
595 1516 658 1564 ad
690 1513 928 1566 articulos
961 1518 1012 1565 et
1043 1517 1106 1565 ad
1137 1517 1344 1581 gambas
1378 1518 1428 1565 et
1460 1516 1523 1565 ad
1555 1515 1815 1578 aquatilia.
1834 1517 1929 1563 329

126 1590 331 1654 galbani
369 1590 477 1655 lib.,
518 1590 729 1652 styracis
767 1590 875 1655 lib.,
922 1590 1136 1639 bidellae
1183 1590 1289 1655 lib.,
1329 1590 1542 1639 meconii
1587 1590 1694 1655 lib.,
1734 1606 1817 1637 ru-

58 1679 103 1712 20
125 1664 290 1713 bricae
316 1664 416 1729 lib.,
447 1664 640 1713 resinae
672 1664 1037 1713 terebinthinae
1070 1665 1169 1729 lib,
1203 1665 1414 1714 simulac
1445 1682 1492 1727 p.
1525 1664 1642 1729 ΠΠ,
1682 1680 1817 1712 men-

124 1740 206 1787 tae
261 1738 422 1787 selib.:
476 1738 599 1787 haec
653 1739 858 1787 decocta
920 1740 971 1788 et
1031 1739 1203 1801 tepida
1265 1738 1618 1802 suprascriptis
1678 1738 1816 1787 vitiis

124 1812 348 1876 alligato.

233 1881 559 1935 Anacollema
591 1887 654 1934 ad
686 1902 862 1936 armos,
919 1887 1049 1936 croci
1081 1887 1233 1952 selib.,
1265 1887 1394 1935 turis
1425 1886 1628 1949 pollinis
1660 1886 1926 1951 selib.,330

121 1960 349 2009 rubricae
388 1960 542 2009 Afrae
589 1960 748 2026 selib.,
796 1961 1010 2025 siliginis
1057 1962 1192 2011 floris
1238 1962 1390 2025 hem,
1438 1961 1616 2010 bulbos
1663 1960 1814 2009 Afros

54 2047 98 2081 25
121 2051 168 2082 n.
201 2035 312 2099 XX,
359 2035 549 2084 cocleas
587 2035 738 2083 Afras
784 2052 830 2083 n.
865 2036 976 2100 XX,
1023 2038 1222 2084 mentae
1270 2035 1431 2083 selib.:
1476 2035 1599 2084 haec
1647 2034 1814 2084 omnia

122 2108 396 2158 contundes
435 2110 486 2157 et
523 2124 638 2157 cum
676 2111 815 2158 aceto
856 2110 991 2172 quod
1030 2109 1216 2158 sufficit
1251 2108 1567 2171 temperabis

232 2182 559 2231 Anacollema
596 2183 849 2247 frigidum.
913 2183 1043 2232 croci
1076 2184 1229 2247 selib.,
1262 2183 1391 2231 turis
1423 2182 1626 2245 pollinis
1659 2182 1811 2247 selib.,
1828 2183 1922 2229 331

120 2256 349 2306 rubricae
389 2256 542 2320 selib.,
581 2257 850 2305 bulborum
880 2256 1121 2306 Afrorum
1153 2256 1312 2320 selib.;
1353 2257 1633 2306 coclearum
1664 2255 1810 2304 Afra-

120 2346 235 2378 rum
274 2330 427 2394 selib.,
469 2330 679 2379 simulac
718 2331 862 2395 hem.,
902 2333 1115 2395 mentae,
1157 2331 1285 2380 aceti
1325 2330 1460 2393 quod
1500 2329 1696 2379 sufficit.

53 2418 97 2451 30
231 2405 556 2453 Anacollema
581 2405 644 2453 ad
668 2420 831 2453 armos
864 2405 966 2453 sive
1000 2405 1063 2453 ad
1086 2405 1282 2454 lumbos
1308 2421 1564 2467 equorum.
1598 2404 1809 2453 simulac
1827 2405 1921 2451 332

120 2494 243 2541 scrp.
276 2478 342 2543 II,
389 2479 518 2526 turis
556 2479 759 2542 pollinis
798 2478 905 2544 lib.,
947 2494 1041 2528 ova
1072 2479 1353 2543 gallinacea
1383 2478 1475 2541 ΠΙ,
1515 2478 1600 2528 sed
1639 2478 1811 2527 album

240 2639 263 2678 1
298 2634 502 2692 eruginis
527 2636 543 2692 ΙΙ
566 2639 592 2679 2
626 2634 866 2691 eruginem
889 2636 905 2692 ΙΙ
928 2639 957 2678 4
989 2647 1151 2691 spume
1174 2636 1190 2692 ΙΙ
1214 2638 1240 2679 5
1272 2634 1499 2692 permista
1528 2636 1543 2691 11
1575 2640 1600 2679 6
1632 2634 1803 2700 ualitu—

120 2693 241 2738 dinis
265 2696 280 2751 11
305 2699 328 2739 7
360 2694 502 2751 longe
529 2699 536 2749 Ι
562 2708 715 2753 myrre
738 2695 755 2751 ΙΙ
779 2698 805 2738 8
836 2693 972 2750 ysopi
996 2695 1011 2750 11
1035 2699 1061 2738 9
1095 2694 1415 2751 crocidragma
1448 2695 1463 2750 ΙΙ
1506 2697 1559 2736 10
1592 2706 1671 2749 apl
1703 2694 1718 2749 ΙΙ
1752 2697 1807 2736 13

120 2752 323 2855 σμύρνῖῑις
343 2761 398 2809 ’γὸ
431 2752 479 2801 ς’
501 2754 598 2856 Mbn
624 2757 679 2797 14
695 2752 904 2857 ῗξῗὲηῗῖή
930 2754 937 2810 Ι
965 2752 1456 2856 6ξ66131ᾱ26ἒ<ἓ113οὶ1>1ι1ἓο
1471 2752 1688 2855 606611ἑέιί
1711 2753 1726 2809 ΙΙ
1752 2755 1806 2796 18

119 2811 1139 2930 &aaszlsff2ssz¹taco1ssglffssigsil
1163 2873 1178 2928 n
1201 2824 1428 2930 ρεῖῗωὲξ
1442 2812 1637 2929 ffilos
1655 2824 1807 2927 ἣεῗὲξῐ

120 2929 300 2976 cocleas
345 2928 469 2974 afras
508 2931 523 2986 ΙΙ
562 2935 618 2974 30
657 2930 893 2976 anacolles
932 2931 948 2987 11
993 2934 1047 2974 31
1089 2930 1193 2989 lib.]
1231 2937 1286 2987 γό
1319 2928 1370 2972 α’
1404 2929 1506 2973 ΗΡ
1551 2933 1558 2986 1
1608 2928 1710 2973 ὠῶν
1748 2928 1806 2972 τὰ

1388 3002 1449 3047 7*
