2060 3232
821 105 1214 159 -110-

179 244 332 308 selib,
373 244 470 293 olei
507 243 758 293 lentiscini
788 243 871 291 lib.
906 257 958 306 s,
999 241 1096 290 olei
1127 241 1366 304 simplicis
1397 242 1505 290 lib.:
1543 241 1666 290 haec
1699 242 1866 291 omnia

179 318 330 367 simul
367 317 520 366 missa
558 318 611 365 in
650 317 916 367 caccabum
952 315 1160 365 resolvis
1199 316 1281 364 ad·
1308 317 1469 366 lentos
1509 315 1766 380 carboneS,
1805 318 1866 365 ut

179 392 346 441 omnia
370 407 420 441 se
446 391 712 456 diligenter
743 389 1107 454 commisceant,
1141 391 1192 438 et
1221 390 1345 439 facis
1376 391 1697 454 medicamen,
1730 390 1865 452 quod

178 481 293 515 cum
332 481 382 515 se
423 465 723 528 astrinxerit,
762 464 870 526 ipso
909 463 1066 512 uteris
1113 465 1164 512 et
1208 463 1469 526 pecoribus
1514 479 1657 517 renes
1702 463 1863 513 hieme

176 542 228 588 et
250 539 465 589 frontem
488 538 803 601 perunguito.
864 536 990 586 facit
1019 539 1071 586 et
1102 537 1166 584 ad
1194 537 1433 603 homines,
1473 538 1561 600 qui
1591 554 1651 586 ex
1679 538 1866 603 frigore
1910 549 1936 583 5

175 630 440 663 nervorum
479 612 701 661 ischiada
739 610 1018 673 patiuntur.
1081 610 1209 658 nihil
1256 612 1427 659 autem
1465 611 1535 660 sic
1579 611 1741 660 hieme
1778 628 1862 674 pe-

176 687 371 737 coribus
403 687 563 750 frigus
596 685 828 750 excludit,
860 684 957 732 nisi
987 686 1048 732 ut
1079 683 1286 733 subinde
1312 684 1568 734 conditum
1589 701 1680 748 per
1710 701 1865 735 cornu

175 761 435 823 accipiant.

55 836 150 883 387
287 834 462 882 Hieme
509 848 626 882 sane
674 848 788 882 cum
835 832 1071 882 coliculos
1116 831 1378 895 pecoribus
1432 833 1594 897 dabis,
1635 849 1665 881 a
1701 833 1863 896 pridie

175 924 256 957 eos
296 908 562 971 diligenter
600 907 835 970 discoque
875 909 926 955 et
963 906 1043 955 fac
1081 906 1312 968 pastillos
1352 908 1403 955 et
1441 907 1494 955 in
1526 907 1634 956 0160
1675 910 1726 956 et
1757 908 1860 957 sale
1886 922 1932 954 10

173 983 293 1031 trito
342 984 392 1030 613
435 981 738 1044 petroselino
779 976 903 1046 <et>
949 980 1145 1044 cymino
1192 980 1352 1042 pridie
1399 981 1524 1030 facis
1569 997 1770 1031 manere
1810 984 1862 1032 et

59 1058 154 1104 388
173 1057 275 1104 alia
306 1055 384 1104 die
416 1055 486 1105 sic
517 1055 671 1120 dabis,
710 1056 771 1103 ut
801 1054 1021 1103 sentiant
1052 1054 1379 1103 condituram.
1437 1055 1708 1120 axungiam
1741 1071 1859 1105 sane

167 1129 327 1178 hieme
360 1145 475 1179 cum
505 1129 660 1194 dabis,
701 1129 765 1177 da
796 1145 910 1178 cum
941 1128 1041 1177 alio
1075 1130 1126 1177 et
1155 1128 1264 1190 pice
1295 1128 1510 1191 liquida:
1541 1129 1861 1179 vehementer

169 1203 396 1252 omnibus
420 1203 718 1253 intrinsecus
742 1202 881 1252 vitiis
905 1202 1121 1265 prodest.
1175 1204 1366 1251 aestate
1391 1205 1562 1252 autem
1586 1204 1858 1268 axungiam

167 1277 307 1326 dabis
346 1277 399 1325 in
436 1278 674 1337 melle-et
710 1276 894 1340 butyro
934 1278 986 1325 et
1022 1291 1196 1339 porros
1236 1276 1377 1325 dabis
1424 1277 1477 1324 in
1517 1278 1625 1326 oleo
1663 1278 1856 1327 rosacio
1883 1290 1927 1324 15

169 1354 220 1400 et
259 1352 361 1400 sale
400 1351 536 1400 trito,

55 1427 151 1472 389
279 1425 425 1474 Potio
466 1425 530 1474 ad
567 1424 729 1473 febres
767 1424 1064 1473 interaneaS.
1130 1439 1297 1474 rosam
1334 1426 1465 1474 teres
1505 1425 1771 1489 diligenter
1809 1429 1860 1474 et

166 1498 389 1547 infusum
426 1499 479 1546 in
520 1498 735 1561 oxymeli
773 1499 1094 1547 tracanthum
1134 1498 1467 1562 superadicies
1499 1501 1550 1548 et
1579 1501 1710 1548 teres
1749 1499 1858 1548 diu-

166 1572 356 1621 tissime
412 1575 462 1621 et
516 1573 656 1621 dabis
710 1589 799 1635 per
845 1589 999 1622 cornu
1052 1572 1227 1621 diebus
1283 1572 1518 1636 quinque.
1605 1589 1723 1623 sane
1778 1574 1857 1622 die

166 1649 340 1695 exacta
379 1647 673 1711 sanguinem
705 1647 749 1695 ei
788 1649 904 1709 post
941 1647 1198 1709 potionem
1237 1647 1447 1696 emittes.
1878 1662 1923 1694 20

52 1721 150 1768 390
279 1719 583 1783 Compositio
597 1720 819 1783 pulveris
834 1720 1157 1785 quadrigarii.
1185 1721 1416 1786 cinnami,
1435 1721 1600 1784 spicae
1619 1721 1854 1785 Syriacae

163 1795 244 1842 vel
282 1794 496 1859 Indicae,
536 1795 667 1844 croci
707 1795 877 1860 Siculi,
908 1811 1106 1844 murrae
1138 1795 1374 1860 troglitis,
1415 1796 1628 1860 schoeni,
1666 1796 1854 1859 piperis

163 1867 310 1932 nigri,
340 1868 526 1931 piperis
549 1869 708 1934 longi,
740 1869 1098 1934 xylocinnami,
1133 1869 1316 1934 casiae,
1355 1870 1657 1935 vettonicae,
1690 1871 1853 1920 casiae

161 1941 349 2006 nigrae,
380 1942 657 2007 trixaginis,
688 1943 812 2008 folii,
843 1944 1001 2008 nardi,
1030 1943 1241 2008 lentisci,
1274 1959 1422 2006 cepae
1461 1944 1677 2008 Indicae,
1718 1945 1853 1995 acori

161 2015 370 2080 Pontici,
409 2033 538 2081 meu,
577 2017 704 2066 turis
727 2019 951 2082 masculi,
990 2017 1078 2067 iris
1108 2017 1354 2083 Illyricae,
1385 2017 1572 2080 piperis
1611 2018 1735 2082 albi,
1777 2017 1852 2081 [in
1875 2030 1920 2064 25

163 2088 286 2150 alio]
328 2090 508 2138 calami
541 2090 748 2155 Syriaci,
783 2092 915 2141 asari
946 2091 1156 2156 Pontici,
1196 2092 1463 2156 gentianae
1498 2091 1573 2154 [et
1612 2093 1848 2158 camistri,

27 2163 334 2213 Bf-40'laseris
358 2164 568 2229 Pontici,
594 2162 926 2230 ffgentianae],
951 2165 1242 2228 petroselini
1267 2166 1408 2231 aridi,
1441 2166 1604 2216 casiae
1627 2166 1849 2217 fistulae:

162 2238 328 2285 omnia
365 2242 516 2300 prout
552 2239 769 2289 volueris
802 2240 975 2302 aequis
1005 2239 1308 2302 ponderibus
1347 2242 1497 2290 tunsa
1529 2242 1580 2290 et
1618 2241 1849 2306 cribrata,

159 2311 328 2360 uteris.

47 2384 139 2430 391
272 2383 525 2434 Confectio
566 2386 852 2435 arteriacae.
906 2403 1103 2435 murrae
1134 2387 1356 2452 troglitis
1387 2415 1459 2422 —
1490 2388 1607 2453 ΠΠ,
1647 2388 1847 2438 schoeni
1869 2400 1929 2432 30.

274 2559 303 2599 4
335 2554 630 2611 astrinseritl
664 2555 829 2611 hyeme
867 2556 882 2612 ΙΙ
920 2558 947 2598 5
987 2554 1048 2599 ad
1085 2555 1318 2614 homines]
1352 2556 1411 2600 ad
1450 2558 1594 2613 omib,
1640 2558 1686 2602 R
1764 2557 1842 2602 ἐπὶ

158 2613 432 2671 ἀνθρώποις
455 2614 590 2670 ΗΡΙΙ
614 2618 640 2659 6
665 2612 906 2659 schiadam
935 2616 942 2670 Ι
968 2614 1136 2671 hyeme
1159 2615 1174 2670 ΙΙ
1199 2618 1224 2658 9
1248 2614 1414 2671 hyeme
1438 2617 1453 2672 ΙΙ
1479 2621 1533 2661 13
1558 2618 1723 2673 hyeme
1747 2617 1762 2673 n
1788 2623 1841 2662 17

154 2672 495 2718 IntereRaneas
529 2673 543 2730 ΙΙ
576 2677 631 2718 18
663 2672 883 2728 oxymelli
913 2675 928 2730 ΙΙ
960 2669 1017 2718 ’21
1046 2672 1262 2731 cynnami
1289 2677 1295 2729 Ι
1323 2673 1523 2735 syrriace
1547 2676 1562 2731 ΙΙ
1586 2680 1641 2720 22
1667 2675 1806 2721 1111116
1835 2677 1841 2735 Ι

156 2733 311 2776 scoeni
342 2733 388 2776 R
442 2731 729 2790 σχοινάνθης
779 2732 879 2777 ΗΡ
907 2734 923 2790 11
957 2737 1013 2777 23
1044 2733 1154 2789 xylo
1185 2732 1366 2787 cy‘fiami
1414 2734 1421 2790 1
1471 2736 1650 2779 cassiae
1680 2734 1843 2791 nigrae

154 2789 413 2848 trixogonis
436 2793 452 2849 ΙΙ
476 2797 532 2836 24
565 2790 711 2850 acori]
745 2792 974 2849 ἀγαρικοῦ
1007 2791 1054 2835 P
1115 2791 1281 2849 ἀγρίου
1306 2792 1362 2835 H
1379 2793 1394 2848 ΙΙ
1418 2797 1474 2836 25
1498 2806 1654 2838 meum
1681 2795 1841 2851 (intell.

158 2848 297 2906 μήου)
326 2851 333 2907 Ι
360 2849 558 2895 illiricae
582 2851 596 2907 ΙΙ
621 2856 677 2896 26
709 2850 866 2895 siriaci
888 2852 904 2908 ΙΙ
928 2856 982 2895 27
1017 2850 1194 2895 cassiae
1210 2850 1303 2896 BR
1326 2853 1342 2907 ΙΙ
1366 2856 1422 2896 28
1449 2851 1579 2898 uoles
1603 2853 1649 2897 R
1676 2857 1682 2910 1
1711 2854 1842 2909 equis

154 2908 202 2952 Β
224 2910 239 2966 ΙΙ
263 2913 320 2953 30
351 2923 502 2970 myrre
536 2909 583 2955 R
610 2912 616 2967 1
643 2911 859 2968 troglites
898 2910 945 2954 Β
973 2913 979 2965 1
1008 2909 1198 2955 schoeni
1231 2934 1287 2942 —
1318 2909 1405 2969 111]
1440 2925 1583 2969 scynu
1608 2937 1665 2945 —
1690 2912 1755 2955 ΙΙΙ
1794 2913 1842 2958 Β
