<?xml version="1.0" encoding="UTF-8"?>
<!DOCTYPE html PUBLIC "-//W3C//DTD XHTML 1.0 Transitional//EN"
    "http://www.w3.org/TR/xhtml1/DTD/xhtml1-transitional.dtd">
<html xmlns="http://www.w3.org/1999/xhtml" xml:lang="en" lang="en">
 <head>
  <title>
</title>
<meta http-equiv="Content-Type" content="text/html;charset=utf-8" />
  <meta name='ocr-system' content='tesseract 3.04.00' />
  <meta name='ocr-capabilities' content='ocr_page ocr_carea ocr_par ocr_line ocrx_word'/>
</head>
<body>
  <div class='ocr_page' id='page_1' title='image "artisveterinaria00pelauoft_0242.png"; bbox 0 0 2060 3232; ppageno 0'>
   <div class='ocr_carea' id='block_1_1' title="bbox 812 90 1210 143">
    <p class='ocr_par' dir='ltr' id='par_1_1' title="bbox 812 90 1210 143">
     <span class='ocr_line' id='line_1_1' title="bbox 812 90 1210 143; baseline 0.01 -2"><span class='ocrx_word' id='word_1_1' title='bbox 812 90 1210 143; x_wconf 80' lang='lat'>-236—</span> 
     </span>
    </p>
   </div>
   <div class='ocr_carea' id='block_1_2' title="bbox 117 220 968 2915">
    <p class='ocr_par' dir='ltr' id='par_1_2' title="bbox 117 220 968 2915">
     <span class='ocr_line' id='line_1_2' title="bbox 169 220 838 277; baseline -0.001 -13"><span class='ocrx_word' id='word_1_2' title='bbox 169 220 285 277; x_wconf 86' lang='grc' dir='ltr'><strong><em>πρὸς</em></strong></span> <span class='ocrx_word' id='word_1_3' title='bbox 317 221 499 276; x_wconf 80' lang='grc' dir='ltr'><strong><em>οἵδησιν</em></strong></span> <span class='ocrx_word' id='word_1_4' title='bbox 532 220 705 277; x_wconf 82' lang='grc' dir='ltr'><strong><em>ὄρχεων</em></strong></span> <span class='ocrx_word' id='word_1_5' title='bbox 738 226 838 264; x_wconf 90' lang='grc'>501.</span> 
     </span>
     <span class='ocr_line' id='line_1_3' title="bbox 168 277 852 336; baseline -0.001 -12"><span class='ocrx_word' id='word_1_6' title='bbox 168 277 293 330; x_wconf 83' lang='grc' dir='ltr'><strong><em>οἶνος</em></strong></span> <span class='ocrx_word' id='word_1_7' title='bbox 325 277 463 336; x_wconf 77' lang='grc' dir='ltr'><strong><em>μέλας</em></strong></span> <span class='ocrx_word' id='word_1_8' title='bbox 493 277 690 330; x_wconf 77' lang='grc' dir='ltr'><strong><em>παλαιός</em></strong></span> <span class='ocrx_word' id='word_1_9' title='bbox 723 279 852 323; x_wconf 79' lang='grc'>473*.</span> 
     </span>
     <span class='ocr_line' id='line_1_4' title="bbox 228 336 743 389; baseline 0.002 -7"><span class='ocrx_word' id='word_1_10' title='bbox 228 336 354 389; x_wconf 82' lang='grc' dir='ltr'><strong><em>οἶνος</em></strong></span> <span class='ocrx_word' id='word_1_11' title='bbox 383 337 582 389; x_wconf 84' lang='grc' dir='ltr'><strong><em>παλαιός</em></strong></span> <span class='ocrx_word' id='word_1_12' title='bbox 611 343 694 383; x_wconf 90' lang='grc'>477</span> <span class='ocrx_word' id='word_1_13' title='bbox 708 338 743 383; x_wconf 81' lang='grc'><strong><em>*.</em></strong></span> 
     </span>
     <span class='ocr_line' id='line_1_5' title="bbox 169 396 594 452; baseline 0.002 -11"><span class='ocrx_word' id='word_1_14' title='bbox 169 396 293 452; x_wconf 81' lang='grc' dir='ltr'><strong><em>ὁλκή,</em></strong></span> <span class='ocrx_word' id='word_1_15' title='bbox 327 396 466 441; x_wconf 82' lang='grc' dir='ltr'><strong><em>ὁλκαί</em></strong></span> <span class='ocrx_word' id='word_1_16' title='bbox 492 403 594 442; x_wconf 79' lang='grc'>268.</span> 
     </span>
     <span class='ocr_line' id='line_1_6' title="bbox 168 455 734 510; baseline -0.002 -10"><span class='ocrx_word' id='word_1_17' title='bbox 168 455 272 510; x_wconf 76' lang='grc' dir='ltr'><strong><em>ὄξος</em></strong></span> <span class='ocrx_word' id='word_1_18' title='bbox 302 455 437 500; x_wconf 80' lang='lat'>478*.</span> <span class='ocrx_word' id='word_1_19' title='bbox 470 455 603 500; x_wconf 79' lang='lat'>479*.</span> <span class='ocrx_word' id='word_1_20' title='bbox 635 461 734 500; x_wconf 79' lang='grc'>487.</span> 
     </span>
     <span class='ocr_line' id='line_1_7' title="bbox 226 514 765 572; baseline 0 -13"><span class='ocrx_word' id='word_1_21' title='bbox 226 515 329 568; x_wconf 81' lang='grc' dir='ltr'><strong><em>ὄξος</em></strong></span> <span class='ocrx_word' id='word_1_22' title='bbox 359 514 498 572; x_wconf 89' lang='grc' dir='ltr'><strong><em>δριμύ</em></strong></span> <span class='ocrx_word' id='word_1_23' title='bbox 530 519 630 559; x_wconf 96' lang='grc'>486.</span> <span class='ocrx_word' id='word_1_24' title='bbox 665 519 765 559; x_wconf 88' lang='grc'>506.</span> 
     </span>
     <span class='ocr_line' id='line_1_8' title="bbox 167 573 721 630; baseline 0 -13"><span class='ocrx_word' id='word_1_25' title='bbox 167 573 423 630; x_wconf 82' lang='grc' dir='ltr'><strong><em>ὀξύκρατον</em></strong></span> <span class='ocrx_word' id='word_1_26' title='bbox 455 574 588 619; x_wconf 79' lang='lat'>485*.</span> <span class='ocrx_word' id='word_1_27' title='bbox 623 579 721 618; x_wconf 85' lang='lat'>501.</span> 
     </span>
     <span class='ocr_line' id='line_1_9' title="bbox 167 630 451 686; baseline 0.004 -10"><span class='ocrx_word' id='word_1_28' title='bbox 167 630 285 686; x_wconf 79' lang='grc' dir='ltr'><strong><em>ὁπλή</em></strong></span> <span class='ocrx_word' id='word_1_29' title='bbox 317 634 451 677; x_wconf 77' lang='lat'>485*.</span> 
     </span>
     <span class='ocr_line' id='line_1_10' title="bbox 168 691 717 744; baseline -0.004 -8"><span class='ocrx_word' id='word_1_30' title='bbox 168 691 415 744; x_wconf 81' lang='grc' dir='ltr'><strong><em>ὀποπάναξ</em></strong></span> <span class='ocrx_word' id='word_1_31' title='bbox 450 691 585 735; x_wconf 83' lang='grc'>496*.</span> <span class='ocrx_word' id='word_1_32' title='bbox 619 695 717 736; x_wconf 81' lang='grc'>502.</span> 
     </span>
     <span class='ocr_line' id='line_1_11' title="bbox 167 749 735 807; baseline -0.002 -13"><span class='ocrx_word' id='word_1_33' title='bbox 167 750 279 800; x_wconf 87' lang='grc' dir='ltr'><strong><em>ὀπὸς</em></strong></span> <span class='ocrx_word' id='word_1_34' title='bbox 310 749 605 807; x_wconf 84' lang='grc' dir='ltr'><strong><em>Κυρηναϊκός</em></strong></span> <span class='ocrx_word' id='word_1_35' title='bbox 637 754 735 794; x_wconf 83' lang='grc'>268.</span> 
     </span>
     <span class='ocr_line' id='line_1_12' title="bbox 167 809 293 867; baseline 0.016 -2"><span class='ocrx_word' id='word_1_36' title='bbox 167 809 293 867; x_wconf 51' lang='grc' dir='ltr'><strong><em>ὄρκκῖ</em></strong></span> 
     </span>
     <span class='ocr_line' id='line_1_13' title="bbox 229 867 896 924; baseline -0.001 -13"><span class='ocrx_word' id='word_1_37' title='bbox 229 867 345 924; x_wconf 86' lang='grc' dir='ltr'><strong><em>πρὸς</em></strong></span> <span class='ocrx_word' id='word_1_38' title='bbox 377 868 559 922; x_wconf 80' lang='grc' dir='ltr'><strong><em>οῖ’δησιν</em></strong></span> <span class='ocrx_word' id='word_1_39' title='bbox 592 867 765 924; x_wconf 81' lang='grc' dir='ltr'><strong><em>ὄρχεων</em></strong></span> <span class='ocrx_word' id='word_1_40' title='bbox 799 871 896 911; x_wconf 87' lang='grc'><strong>501.</strong></span> 
     </span>
     <span class='ocr_line' id='line_1_14' title="bbox 171 924 926 983; baseline -0.001 -13"><span class='ocrx_word' id='word_1_41' title='bbox 171 924 311 982; x_wconf 80' lang='grc' dir='ltr'><strong><em>οὖρον</em></strong></span> <span class='ocrx_word' id='word_1_42' title='bbox 342 926 512 976; x_wconf 86' lang='grc' dir='ltr'><strong><em>παιδὸς</em></strong></span> <span class='ocrx_word' id='word_1_43' title='bbox 542 924 764 983; x_wconf 76' lang='grc' dir='ltr'><strong><em>ἀφθόρου</em></strong></span> <span class='ocrx_word' id='word_1_44' title='bbox 797 926 926 970; x_wconf 75' lang='grc'>471*.</span> 
     </span>
     <span class='ocr_line' id='line_1_15' title="bbox 166 984 865 1042; baseline -0.001 -13"><span class='ocrx_word' id='word_1_45' title='bbox 166 992 262 1029; x_wconf 85' lang='grc' dir='ltr'><strong><em>πᾶν</em></strong></span> <span class='ocrx_word' id='word_1_46' title='bbox 295 985 547 1042; x_wconf 80' lang='grc' dir='ltr'><em>ὀφθαλμοῦ</em></span> <span class='ocrx_word' id='word_1_47' title='bbox 579 984 736 1035; x_wconf 79' lang='grc' dir='ltr'><strong><em>πάθος</em></strong></span> <span class='ocrx_word' id='word_1_48' title='bbox 766 989 865 1029; x_wconf 91' lang='grc'>490.</span> 
     </span>
     <span class='ocr_line' id='line_1_16' title="bbox 165 1043 968 1101; baseline 0 -14"><span class='ocrx_word' id='word_1_49' title='bbox 165 1044 282 1101; x_wconf 83' lang='grc' dir='ltr'><strong><em>πρὸς</em></strong></span> <span class='ocrx_word' id='word_1_50' title='bbox 334 1043 680 1100; x_wconf 77' lang='grc' dir='ltr'><strong><em>παραφυλακὴν</em></strong></span> <span class='ocrx_word' id='word_1_51' title='bbox 739 1045 968 1101; x_wconf 81' lang='grc' dir='ltr'><strong><em>εὐσωμίας</em></strong></span> 
     </span>
     <span class='ocr_line' id='line_1_17' title="bbox 227 1104 504 1147; baseline 0.004 -1"><span class='ocrx_word' id='word_1_52' title='bbox 227 1104 371 1146; x_wconf 76' lang='grc' dir='ltr'><strong><em>ἵππου</em></strong></span> <span class='ocrx_word' id='word_1_53' title='bbox 404 1108 504 1147; x_wconf 88' lang='grc'>490.</span> 
     </span>
     <span class='ocr_line' id='line_1_18' title="bbox 165 1161 509 1218; baseline -0.003 -13"><span class='ocrx_word' id='word_1_54' title='bbox 165 1161 379 1218; x_wconf 87' lang='grc' dir='ltr'><strong><em>πάπυρος</em></strong></span> <span class='ocrx_word' id='word_1_55' title='bbox 409 1166 509 1205; x_wconf 90' lang='grc'>481.</span> 
     </span>
     <span class='ocr_line' id='line_1_19' title="bbox 169 1219 610 1276; baseline 0.002 -12"><span class='ocrx_word' id='word_1_56' title='bbox 169 1219 250 1264; x_wconf 80' lang='grc' dir='ltr'><strong><em>διὰ</em></strong></span> <span class='ocrx_word' id='word_1_57' title='bbox 280 1222 445 1276; x_wconf 89' lang='grc' dir='ltr'><strong><em>πείρας</em></strong></span> <span class='ocrx_word' id='word_1_58' title='bbox 478 1219 610 1265; x_wconf 63' lang='grc'>477*.</span> 
     </span>
     <span class='ocr_line' id='line_1_20' title="bbox 165 1277 658 1335; baseline 0 -12"><span class='ocrx_word' id='word_1_59' title='bbox 165 1277 332 1335; x_wconf 82' lang='grc' dir='ltr'><strong><em>πέπερι</em></strong></span> <span class='ocrx_word' id='word_1_60' title='bbox 363 1278 528 1323; x_wconf 81' lang='grc' dir='ltr'><strong><em>λευκόν</em></strong></span> <span class='ocrx_word' id='word_1_61' title='bbox 560 1283 658 1323; x_wconf 84' lang='grc'>490.</span> 
     </span>
     <span class='ocr_line' id='line_1_21' title="bbox 164 1334 966 1395; baseline 0 -13"><span class='ocrx_word' id='word_1_62' title='bbox 164 1339 407 1395; x_wconf 79' lang='grc' dir='ltr'><strong><em>περδίκιον</em></strong></span> <span class='ocrx_word' id='word_1_63' title='bbox 446 1338 531 1395; x_wconf 85' lang='grc' dir='ltr'><strong><em>τὴν</em></strong></span> <span class='ocrx_word' id='word_1_64' title='bbox 572 1334 623 1382; x_wconf 75' lang='grc' dir='ltr'><strong><em>ἐν</em></strong></span> <span class='ocrx_word' id='word_1_65' title='bbox 661 1343 758 1389; x_wconf 85' lang='grc' dir='ltr'><strong><em>τοῖς</em></strong></span> <span class='ocrx_word' id='word_1_66' title='bbox 795 1339 966 1395; x_wconf 84' lang='grc' dir='ltr'><strong><em>τοίχοις</em></strong></span> 
     </span>
     <span class='ocr_line' id='line_1_22' title="bbox 165 1455 890 1513; baseline 0.001 -13"><span class='ocrx_word' id='word_1_67' title='bbox 165 1457 280 1513; x_wconf 88' lang='grc' dir='ltr'><strong><em>πρὸς</em></strong></span> <span class='ocrx_word' id='word_1_68' title='bbox 311 1455 759 1513; x_wconf 88' lang='grc' dir='ltr'><strong><em>περιπνευμονικούς</em></strong></span> <span class='ocrx_word' id='word_1_69' title='bbox 790 1460 890 1501; x_wconf 92' lang='grc'>508.</span> 
     </span>
     <span class='ocr_line' id='line_1_23' title="bbox 164 1514 882 1572; baseline 0.001 -13"><span class='ocrx_word' id='word_1_70' title='bbox 164 1514 487 1572; x_wconf 80' lang='grc' dir='ltr'><strong><em>πετροσέλινον</em></strong></span> <span class='ocrx_word' id='word_1_71' title='bbox 548 1515 882 1560; x_wconf 86' lang='grc' dir='ltr'><strong><em>Μακεδονικόν</em></strong></span> 
     </span>
     <span class='ocr_line' id='line_1_24' title="bbox 225 1575 355 1619; baseline -0.008 -1"><span class='ocrx_word' id='word_1_72' title='bbox 225 1575 355 1619; x_wconf 81' lang='lat'>497*.</span> 
     </span>
     <span class='ocr_line' id='line_1_25' title="bbox 164 1633 510 1690; baseline 0 -13"><span class='ocrx_word' id='word_1_73' title='bbox 164 1633 377 1690; x_wconf 80' lang='grc' dir='ltr'><strong><em>πήγανον</em></strong></span> <span class='ocrx_word' id='word_1_74' title='bbox 411 1638 510 1678; x_wconf 89' lang='grc'>507.</span> 
     </span>
     <span class='ocr_line' id='line_1_26' title="bbox 223 1691 746 1750; baseline 0 -14"><span class='ocrx_word' id='word_1_75' title='bbox 223 1692 437 1749; x_wconf 79' lang='grc' dir='ltr'><strong><em>πηγάνου</em></strong></span> <span class='ocrx_word' id='word_1_76' title='bbox 469 1691 613 1750; x_wconf 85' lang='grc' dir='ltr'><strong><em>δεσμή</em></strong></span> <span class='ocrx_word' id='word_1_77' title='bbox 647 1697 746 1736; x_wconf 91' lang='grc'>508.</span> 
     </span>
     <span class='ocr_line' id='line_1_27' title="bbox 222 1750 961 1810; baseline 0.001 -15"><span class='ocrx_word' id='word_1_78' title='bbox 222 1750 436 1808; x_wconf 78' lang='grc' dir='ltr'><strong><em>πηγάνου</em></strong></span> <span class='ocrx_word' id='word_1_79' title='bbox 469 1751 612 1809; x_wconf 85' lang='grc' dir='ltr'><strong><em>δεσμὴ</em></strong></span> <span class='ocrx_word' id='word_1_80' title='bbox 652 1751 795 1810; x_wconf 86' lang='grc' dir='ltr'><strong><em>μικρά</em></strong></span> <span class='ocrx_word' id='word_1_81' title='bbox 824 1757 910 1796; x_wconf 88' lang='grc'>473</span> <span class='ocrx_word' id='word_1_82' title='bbox 924 1753 961 1795; x_wconf 65' lang='lat'>²¹⁶.</span> 
     </span>
     <span class='ocr_line' id='line_1_28' title="bbox 164 1812 423 1854; baseline 0 0"><span class='ocrx_word' id='word_1_83' title='bbox 164 1812 305 1854; x_wconf 87' lang='grc' dir='ltr'><strong><em>πίσσα</em></strong></span> <span class='ocrx_word' id='word_1_84' title='bbox 339 1815 423 1854; x_wconf 87' lang='grc'><strong><em>503</em></strong></span> 
     </span>
     <span class='ocr_line' id='line_1_29' title="bbox 223 1870 681 1927; baseline 0.004 -15"><span class='ocrx_word' id='word_1_85' title='bbox 223 1885 269 1914; x_wconf 89' lang='grc' dir='ltr'><strong><em>π.</em></strong></span> <span class='ocrx_word' id='word_1_86' title='bbox 303 1870 502 1927; x_wconf 88' lang='grc' dir='ltr'><strong><em>Βρυττία</em></strong></span> <span class='ocrx_word' id='word_1_87' title='bbox 547 1870 681 1915; x_wconf 81' lang='grc'>493*.</span> 
     </span>
     <span class='ocr_line' id='line_1_30' title="bbox 225 1928 707 1973; baseline -0.002 -1"><span class='ocrx_word' id='word_1_88' title='bbox 225 1928 360 1972; x_wconf 81' lang='grc'>497*.</span> <span class='ocrx_word' id='word_1_89' title='bbox 409 1928 540 1973; x_wconf 77' lang='lat'>498*.</span> <span class='ocrx_word' id='word_1_90' title='bbox 590 1928 707 1972; x_wconf 81' lang='lat'>509*</span> 
     </span>
     <span class='ocr_line' id='line_1_31' title="bbox 223 1988 702 2046; baseline 0 -15"><span class='ocrx_word' id='word_1_91' title='bbox 223 1988 441 2032; x_wconf 77' lang='lat' dir='ltr'><em>scribitur</em></span> <span class='ocrx_word' id='word_1_92' title='bbox 474 1988 702 2046; x_wconf 75' lang='grc' dir='ltr'><strong><em>βηρυτία).</em></strong></span> 
     </span>
     <span class='ocr_line' id='line_1_32' title="bbox 225 2045 614 2102; baseline 0.003 -13"><span class='ocrx_word' id='word_1_93' title='bbox 225 2063 274 2091; x_wconf 90' lang='grc' dir='ltr'><strong><em>π</em></strong></span> <span class='ocrx_word' id='word_1_94' title='bbox 306 2045 454 2102; x_wconf 88' lang='grc' dir='ltr'><strong><em>νεαρά</em></strong></span> <span class='ocrx_word' id='word_1_95' title='bbox 485 2047 614 2090; x_wconf 80' lang='grc'>500*</span> 
     </span>
     <span class='ocr_line' id='line_1_33' title="bbox 222 2104 719 2161; baseline 0.004 -13"><span class='ocrx_word' id='word_1_96' title='bbox 222 2119 269 2149; x_wconf 88' lang='grc' dir='ltr'><strong><em>π.</em></strong></span> <span class='ocrx_word' id='word_1_97' title='bbox 303 2104 423 2161; x_wconf 81' lang='grc' dir='ltr'><strong><em>ὑγρά</em></strong></span> <span class='ocrx_word' id='word_1_98' title='bbox 454 2109 551 2150; x_wconf 89' lang='grc'>487.</span> <span class='ocrx_word' id='word_1_99' title='bbox 585 2106 719 2150; x_wconf 72' lang='lat'>496*.</span> 
     </span>
     <span class='ocr_line' id='line_1_34' title="bbox 165 2166 560 2221; baseline 0.003 -15"><span class='ocrx_word' id='word_1_100' title='bbox 165 2166 426 2221; x_wconf 84' lang='grc' dir='ltr'><strong><em>πνευμονία</em></strong></span> <span class='ocrx_word' id='word_1_101' title='bbox 459 2169 560 2209; x_wconf 92' lang='grc'>474.</span> 
     </span>
     <span class='ocr_line' id='line_1_35' title="bbox 165 2222 686 2280; baseline 0.004 -15"><span class='ocrx_word' id='word_1_102' title='bbox 165 2222 283 2279; x_wconf 84' lang='grc' dir='ltr'><strong><em>πρὸς</em></strong></span> <span class='ocrx_word' id='word_1_103' title='bbox 312 2222 555 2280; x_wconf 80' lang='grc' dir='ltr'><strong><em>πνεύμονα</em></strong></span> <span class='ocrx_word' id='word_1_104' title='bbox 587 2227 686 2268; x_wconf 88' lang='grc'>475.</span> 
     </span>
     <span class='ocr_line' id='line_1_36' title="bbox 162 2280 963 2339; baseline 0.003 -15"><span class='ocrx_word' id='word_1_105' title='bbox 162 2280 363 2336; x_wconf 82' lang='grc' dir='ltr'><strong><em>πράσιον</em></strong></span> <span class='ocrx_word' id='word_1_106' title='bbox 380 2283 504 2338; x_wconf 88' lang='lat' dir='ltr'>quod</span> <span class='ocrx_word' id='word_1_107' title='bbox 523 2281 689 2326; x_wconf 81' lang='lat' dir='ltr'><strong>Graeci</strong></span> <span class='ocrx_word' id='word_1_108' title='bbox 705 2281 963 2339; x_wconf 78' lang='lat' dir='ltr'>appellant,</span> 
     </span>
     <span class='ocr_line' id='line_1_37' title="bbox 222 2339 800 2386; baseline 0.007 -4"><span class='ocrx_word' id='word_1_109' title='bbox 222 2339 380 2384; x_wconf 75' lang='lat' dir='ltr'>Latini</span> <span class='ocrx_word' id='word_1_110' title='bbox 411 2340 697 2385; x_wconf 85' lang='lat' dir='ltr'><strong>marrubium</strong></span> <span class='ocrx_word' id='word_1_111' title='bbox 729 2347 800 2386; x_wconf 87' lang='grc'><strong><em>93.</em></strong></span> 
     </span>
     <span class='ocr_line' id='line_1_38' title="bbox 165 2397 637 2456; baseline 0.004 -15"><span class='ocrx_word' id='word_1_112' title='bbox 165 2397 346 2455; x_wconf 86' lang='grc' dir='ltr'><strong><em>πράσου</em></strong></span> <span class='ocrx_word' id='word_1_113' title='bbox 376 2398 511 2456; x_wconf 79' lang='grc' dir='ltr'><strong><em>χυλός</em></strong></span> <span class='ocrx_word' id='word_1_114' title='bbox 538 2404 637 2443; x_wconf 87' lang='grc'>503.</span> 
     </span>
     <span class='ocr_line' id='line_1_39' title="bbox 163 2456 685 2514; baseline 0.006 -13"><span class='ocrx_word' id='word_1_115' title='bbox 163 2456 387 2514; x_wconf 78' lang='grc' dir='ltr'><strong><em>πρόπολις</em></strong></span> <span class='ocrx_word' id='word_1_116' title='bbox 417 2458 552 2502; x_wconf 84' lang='grc'>493*.</span> <span class='ocrx_word' id='word_1_117' title='bbox 585 2463 685 2504; x_wconf 89' lang='grc'>495.</span> 
     </span>
     <span class='ocr_line' id='line_1_40' title="bbox 117 2514 602 2572; baseline 0.006 -13"><span class='ocrx_word' id='word_1_118' title='bbox 117 2519 121 2522; x_wconf 77' lang='grc'><strong>”</strong></span> <span class='ocrx_word' id='word_1_119' title='bbox 222 2533 269 2562; x_wconf 90' lang='grc' dir='ltr'><strong><em>π.</em></strong></span> <span class='ocrx_word' id='word_1_120' title='bbox 297 2514 469 2572; x_wconf 78' lang='grc' dir='ltr'><strong><em>Ἀττική</em></strong></span> <span class='ocrx_word' id='word_1_121' title='bbox 501 2521 602 2562; x_wconf 88' lang='grc'>494.</span> 
     </span>
     <span class='ocr_line' id='line_1_41' title="bbox 167 2575 963 2633; baseline 0.001 -15"><span class='ocrx_word' id='word_1_122' title='bbox 167 2575 458 2633; x_wconf 89' lang='grc' dir='ltr'><strong><em>προπότισμα</em></strong></span> <span class='ocrx_word' id='word_1_123' title='bbox 480 2583 648 2620; x_wconf 83' lang='grc' dir='ltr'><strong><em>ποιοῦν</em></strong></span> <span class='ocrx_word' id='word_1_124' title='bbox 671 2575 786 2633; x_wconf 87' lang='grc' dir='ltr'><strong><em>πρὸς</em></strong></span> <span class='ocrx_word' id='word_1_125' title='bbox 810 2575 963 2619; x_wconf 85' lang='grc' dir='ltr'><strong><em>πάντα</em></strong></span> 
     </span>
     <span class='ocr_line' id='line_1_42' title="bbox 160 2689 964 2751; baseline 0.004 -16"><span class='ocrx_word' id='word_1_126' title='bbox 160 2698 312 2751; x_wconf 81' lang='grc' dir='ltr'><strong><em>πτερῷ</em></strong></span> <span class='ocrx_word' id='word_1_127' title='bbox 357 2693 438 2738; x_wconf 89' lang='grc' dir='ltr'><strong><em>τὸν</em></strong></span> <span class='ocrx_word' id='word_1_128' title='bbox 493 2693 744 2751; x_wconf 80' lang='grc' dir='ltr'><strong><em>ὀφθαλμὸν</em></strong></span> <span class='ocrx_word' id='word_1_129' title='bbox 789 2689 964 2750; x_wconf 77' lang='grc' dir='ltr'><strong><em>ἕπίχριε</em></strong></span> 
     </span>
     <span class='ocr_line' id='line_1_43' title="bbox 160 2809 659 2867; baseline 0.008 -15"><span class='ocrx_word' id='word_1_130' title='bbox 160 2809 360 2867; x_wconf 79' lang='grc' dir='ltr'><strong><em>πτισάνη</em></strong></span> <span class='ocrx_word' id='word_1_131' title='bbox 393 2811 524 2856; x_wconf 80' lang='lat'>472*.</span> <span class='ocrx_word' id='word_1_132' title='bbox 559 2816 659 2856; x_wconf 91' lang='grc'>508.</span> 
     </span>
     <span class='ocr_line' id='line_1_44' title="bbox 162 2868 449 2915; baseline 0.01 -3"><span class='ocrx_word' id='word_1_133' title='bbox 162 2868 285 2913; x_wconf 88' lang='grc' dir='ltr'><strong><em>πύον</em></strong></span> <span class='ocrx_word' id='word_1_134' title='bbox 317 2874 403 2914; x_wconf 89' lang='grc'><strong><em>485</em></strong></span> <span class='ocrx_word' id='word_1_135' title='bbox 415 2870 449 2915; x_wconf 85' lang='grc'><strong><em>*.</em></strong></span> 
     </span>
    </p>
   </div>
   <div class='ocr_carea' id='block_1_3' title="bbox 720 1873 969 1987">
    <p class='ocr_par' dir='ltr' id='par_1_3' title="bbox 720 1873 969 1987">
     <span class='ocr_line' id='line_1_45' title="bbox 720 1873 962 1916; baseline 0 -2"><span class='ocrx_word' id='word_1_136' title='bbox 720 1875 822 1916; x_wconf 88' lang='grc'>494.</span> <span class='ocrx_word' id='word_1_137' title='bbox 862 1873 962 1914; x_wconf 83' lang='grc'>495.</span> 
     </span>
     <span class='ocr_line' id='line_1_46' title="bbox 746 1929 969 1987; baseline 0 -14"><span class='ocrx_word' id='word_1_138' title='bbox 746 1930 817 1987; x_wconf 75' lang='lat' dir='ltr'><strong><em>(in</em></strong></span> <span class='ocrx_word' id='word_1_139' title='bbox 869 1929 969 1973; x_wconf 89' lang='grc' dir='ltr'><strong><em>ΗΡ</em></strong></span> 
     </span>
    </p>
   </div>
   <div class='ocr_carea' id='block_1_4' title="bbox 1053 215 1859 2809">
    <p class='ocr_par' dir='ltr' id='par_1_4' title="bbox 1053 215 1859 2809">
     <span class='ocr_line' id='line_1_47' title="bbox 1058 215 1756 294; baseline 0.003 -32"><span class='ocrx_word' id='word_1_140' title='bbox 1058 215 1206 294; x_wconf 74' lang='grc' dir='ltr'><strong><em>ῥἐῦμα</em></strong></span> <span class='ocrx_word' id='word_1_141' title='bbox 1240 216 1291 263; x_wconf 83' lang='grc' dir='ltr'><strong><em>ἐν</em></strong></span> <span class='ocrx_word' id='word_1_142' title='bbox 1322 224 1418 270; x_wconf 82' lang='grc' dir='ltr'><strong><em>τοῖς</em></strong></span> <span class='ocrx_word' id='word_1_143' title='bbox 1450 221 1589 264; x_wconf 89' lang='grc' dir='ltr'><strong><em>ποσίν</em></strong></span> <span class='ocrx_word' id='word_1_144' title='bbox 1621 221 1756 264; x_wconf 80' lang='grc'>510*.</span> 
     </span>
     <span class='ocr_line' id='line_1_48' title="bbox 1058 276 1567 332; baseline 0.004 -11"><span class='ocrx_word' id='word_1_145' title='bbox 1058 276 1167 332; x_wconf 86' lang='grc' dir='ltr'><strong><em>ρέου</em></strong></span> <span class='ocrx_word' id='word_1_146' title='bbox 1200 280 1434 323; x_wconf 84' lang='grc' dir='ltr'><strong><em>Ποντικοῦ</em></strong></span> <span class='ocrx_word' id='word_1_147' title='bbox 1468 284 1567 324; x_wconf 91' lang='grc'>507.</span> 
     </span>
     <span class='ocr_line' id='line_1_49' title="bbox 1058 335 1522 411; baseline 0.007 -32"><span class='ocrx_word' id='word_1_148' title='bbox 1058 335 1220 411; x_wconf 86' lang='grc' dir='ltr'><strong><em>ρητίνη</em></strong></span> <span class='ocrx_word' id='word_1_149' title='bbox 1254 341 1353 381; x_wconf 87' lang='grc'>487.</span> <span class='ocrx_word' id='word_1_150' title='bbox 1388 338 1522 382; x_wconf 84' lang='grc'>493*.</span> 
     </span>
     <span class='ocr_line' id='line_1_50' title="bbox 1117 396 1548 453; baseline 0.005 -15"><span class='ocrx_word' id='word_1_151' title='bbox 1117 414 1156 451; x_wconf 90' lang='grc' dir='ltr'><strong><em>ρ.</em></strong></span> <span class='ocrx_word' id='word_1_152' title='bbox 1191 396 1415 453; x_wconf 90' lang='grc' dir='ltr'><strong><em>γαστρική</em></strong></span> <span class='ocrx_word' id='word_1_153' title='bbox 1447 401 1548 442; x_wconf 80' lang='grc'>495.</span> 
     </span>
     <span class='ocr_line' id='line_1_51' title="bbox 1117 452 1774 512; baseline 0.005 -14"><span class='ocrx_word' id='word_1_154' title='bbox 1117 452 1154 509; x_wconf 74' lang='grc' dir='ltr'><strong><em>ᾇ.</em></strong></span> <span class='ocrx_word' id='word_1_155' title='bbox 1188 456 1474 512; x_wconf 81' lang='grc' dir='ltr'><strong><em>Κολοφωνία</em></strong></span> <span class='ocrx_word' id='word_1_156' title='bbox 1505 460 1605 501; x_wconf 88' lang='grc'>495.</span> <span class='ocrx_word' id='word_1_157' title='bbox 1640 457 1774 504; x_wconf 83' lang='grc'>500*.</span> 
     </span>
     <span class='ocr_line' id='line_1_52' title="bbox 1117 511 1650 570; baseline 0.01 -15"><span class='ocrx_word' id='word_1_158' title='bbox 1117 511 1305 569; x_wconf 84' lang='grc' dir='ltr'><strong><em>ρητίνης</em></strong></span> <span class='ocrx_word' id='word_1_159' title='bbox 1335 514 1488 570; x_wconf 85' lang='grc' dir='ltr'><strong><em>αφρός</em></strong></span> <span class='ocrx_word' id='word_1_160' title='bbox 1518 515 1650 560; x_wconf 83' lang='lat'>496*.</span> 
     </span>
     <span class='ocr_line' id='line_1_53' title="bbox 1059 568 1467 628; baseline 0.008 -13"><span class='ocrx_word' id='word_1_161' title='bbox 1059 568 1333 628; x_wconf 83' lang='grc' dir='ltr'><strong><em>ροδοδάφνη</em></strong></span> <span class='ocrx_word' id='word_1_162' title='bbox 1366 577 1467 618; x_wconf 87' lang='grc'>486.</span> 
     </span>
     <span class='ocr_line' id='line_1_54' title="bbox 1060 632 1548 686; baseline 0.008 -13"><span class='ocrx_word' id='word_1_163' title='bbox 1060 632 1284 686; x_wconf 80' lang='grc' dir='ltr'><strong><em>σιδηρῖτις</em></strong></span> <span class='ocrx_word' id='word_1_164' title='bbox 1314 636 1416 677; x_wconf 89' lang='grc'>486.</span> <span class='ocrx_word' id='word_1_165' title='bbox 1449 637 1548 678; x_wconf 88' lang='grc'>503.</span> 
     </span>
     <span class='ocr_line' id='line_1_55' title="bbox 1059 689 1258 746; baseline 0.005 -14"><span class='ocrx_word' id='word_1_166' title='bbox 1059 689 1258 746; x_wconf 87' lang='grc' dir='ltr'><strong><em>σκόρδον</em></strong></span> 
     </span>
     <span class='ocr_line' id='line_1_56' title="bbox 1118 747 1696 805; baseline 0.009 -14"><span class='ocrx_word' id='word_1_167' title='bbox 1118 747 1294 805; x_wconf 79' lang='grc' dir='ltr'><strong><em>σκόρδα</em></strong></span> <span class='ocrx_word' id='word_1_168' title='bbox 1327 750 1533 794; x_wconf 82' lang='grc' dir='ltr'><strong><em>Γαλλικά</em></strong></span> <span class='ocrx_word' id='word_1_169' title='bbox 1564 751 1696 797; x_wconf 77' lang='grc'>480*.</span> 
     </span>
     <span class='ocr_line' id='line_1_57' title="bbox 1118 806 1696 865; baseline 0.009 -15"><span class='ocrx_word' id='word_1_170' title='bbox 1118 806 1327 864; x_wconf 86' lang='grc' dir='ltr'><strong><em>σκόρδων</em></strong></span> <span class='ocrx_word' id='word_1_171' title='bbox 1360 811 1569 865; x_wconf 81' lang='grc' dir='ltr'><strong><em>κεφαλαί</em></strong></span> <span class='ocrx_word' id='word_1_172' title='bbox 1597 814 1696 855; x_wconf 90' lang='grc'>508.</span> 
     </span>
     <span class='ocr_line' id='line_1_58' title="bbox 1059 866 1445 922; baseline 0.008 -13"><span class='ocrx_word' id='word_1_173' title='bbox 1059 866 1311 922; x_wconf 80' lang='grc' dir='ltr'><strong><em>σκόρπισον</em></strong></span> <span class='ocrx_word' id='word_1_174' title='bbox 1344 873 1445 912; x_wconf 83' lang='grc'>503.</span> 
     </span>
     <span class='ocr_line' id='line_1_59' title="bbox 1057 925 1577 981; baseline 0.01 -13"><span class='ocrx_word' id='word_1_175' title='bbox 1057 925 1163 981; x_wconf 83' lang='grc' dir='ltr'><strong><em>περὶ</em></strong></span> <span class='ocrx_word' id='word_1_176' title='bbox 1197 925 1444 981; x_wconf 79' lang='grc' dir='ltr'><strong><em>σκωλήκων</em></strong></span> <span class='ocrx_word' id='word_1_177' title='bbox 1479 932 1577 973; x_wconf 88' lang='grc'>503.</span> 
     </span>
     <span class='ocr_line' id='line_1_60' title="bbox 1058 984 1573 1040; baseline 0.01 -14"><span class='ocrx_word' id='word_1_178' title='bbox 1058 984 1237 1040; x_wconf 82' lang='grc' dir='ltr'><strong><em>σμύρνα</em></strong></span> <span class='ocrx_word' id='word_1_179' title='bbox 1269 988 1404 1032; x_wconf 87' lang='grc'>473*.</span> <span class='ocrx_word' id='word_1_180' title='bbox 1439 987 1573 1031; x_wconf 82' lang='lat'>509*.</span> 
     </span>
     <span class='ocr_line' id='line_1_61' title="bbox 1057 1041 1362 1088; baseline 0.01 -3"><span class='ocrx_word' id='word_1_181' title='bbox 1057 1041 1230 1086; x_wconf 89' lang='grc' dir='ltr'><strong><em>σποδιά</em></strong></span> <span class='ocrx_word' id='word_1_182' title='bbox 1261 1049 1362 1088; x_wconf 89' lang='grc'>490.</span> 
     </span>
     <span class='ocr_line' id='line_1_62' title="bbox 1058 1102 1530 1172; baseline 0.013 -28"><span class='ocrx_word' id='word_1_183' title='bbox 1058 1102 1225 1172; x_wconf 82' lang='grc' dir='ltr'><strong><em>σταφὶς</em></strong></span> <span class='ocrx_word' id='word_1_184' title='bbox 1256 1103 1398 1160; x_wconf 86' lang='grc' dir='ltr'><strong><em>αγρία</em></strong></span> <span class='ocrx_word' id='word_1_185' title='bbox 1428 1109 1530 1150; x_wconf 86' lang='grc'>487.</span> 
     </span>
     <span class='ocr_line' id='line_1_63' title="bbox 1058 1158 1706 1218; baseline 0.011 -15"><span class='ocrx_word' id='word_1_186' title='bbox 1058 1158 1195 1218; x_wconf 83' lang='grc' dir='ltr'><strong><em>στέαρ</em></strong></span> <span class='ocrx_word' id='word_1_187' title='bbox 1228 1162 1409 1217; x_wconf 80' lang='grc' dir='ltr'><strong><em>αἴγειον</em></strong></span> <span class='ocrx_word' id='word_1_188' title='bbox 1441 1164 1574 1209; x_wconf 84' lang='grc'>485*.</span> <span class='ocrx_word' id='word_1_189' title='bbox 1608 1169 1706 1210; x_wconf 89' lang='grc'>508.</span> 
     </span>
     <span class='ocr_line' id='line_1_64' title="bbox 1117 1220 1663 1295; baseline 0.011 -33"><span class='ocrx_word' id='word_1_190' title='bbox 1117 1234 1182 1264; x_wconf 91' lang='grc' dir='ltr'><strong><em>στ.</em></strong></span> <span class='ocrx_word' id='word_1_191' title='bbox 1214 1220 1496 1295; x_wconf 85' lang='grc' dir='ltr'><strong><em>προβάτειον</em></strong></span> <span class='ocrx_word' id='word_1_192' title='bbox 1528 1224 1663 1269; x_wconf 84' lang='grc'>485*.</span> 
     </span>
     <span class='ocr_line' id='line_1_65' title="bbox 1117 1279 1598 1336; baseline 0.01 -15"><span class='ocrx_word' id='word_1_193' title='bbox 1117 1293 1181 1322; x_wconf 91' lang='grc' dir='ltr'><strong><em>στ.</em></strong></span> <span class='ocrx_word' id='word_1_194' title='bbox 1214 1279 1434 1336; x_wconf 78' lang='grc' dir='ltr'><strong><em>ταύρειον</em></strong></span> <span class='ocrx_word' id='word_1_195' title='bbox 1465 1282 1598 1328; x_wconf 78' lang='lat'>496*.</span> 
     </span>
     <span class='ocr_line' id='line_1_66' title="bbox 1115 1338 1593 1395; baseline 0.015 -15"><span class='ocrx_word' id='word_1_196' title='bbox 1115 1351 1180 1382; x_wconf 91' lang='grc' dir='ltr'><strong><em>στ.</em></strong></span> <span class='ocrx_word' id='word_1_197' title='bbox 1212 1338 1429 1395; x_wconf 85' lang='grc' dir='ltr'><strong><em>τράγειον</em></strong></span> <span class='ocrx_word' id='word_1_198' title='bbox 1461 1342 1593 1387; x_wconf 84' lang='grc'>500*.</span> 
     </span>
     <span class='ocr_line' id='line_1_67' title="bbox 1056 1397 1591 1453; baseline 0.013 -14"><span class='ocrx_word' id='word_1_199' title='bbox 1056 1397 1287 1453; x_wconf 84' lang='grc' dir='ltr'><strong><em>στρώμασι</em></strong></span> <span class='ocrx_word' id='word_1_200' title='bbox 1319 1397 1459 1444; x_wconf 84' lang='grc' dir='ltr'><strong><em>σκέπε</em></strong></span> <span class='ocrx_word' id='word_1_201' title='bbox 1491 1405 1591 1445; x_wconf 89' lang='grc'>507.</span> 
     </span>
     <span class='ocr_line' id='line_1_68' title="bbox 1056 1454 1635 1515; baseline 0.014 -17"><span class='ocrx_word' id='word_1_202' title='bbox 1056 1454 1311 1514; x_wconf 84' lang='grc' dir='ltr'><strong><em>στυπτηρία</em></strong></span> <span class='ocrx_word' id='word_1_203' title='bbox 1344 1458 1504 1515; x_wconf 87' lang='grc' dir='ltr'><strong><em>σχιστή</em></strong></span> <span class='ocrx_word' id='word_1_204' title='bbox 1534 1465 1635 1505; x_wconf 89' lang='grc'>487.</span> 
     </span>
     <span class='ocr_line' id='line_1_69' title="bbox 1056 1515 1560 1571; baseline 0.014 -13"><span class='ocrx_word' id='word_1_205' title='bbox 1056 1515 1226 1571; x_wconf 82' lang='grc' dir='ltr'><strong><em>στύραξ</em></strong></span> <span class='ocrx_word' id='word_1_206' title='bbox 1259 1519 1391 1561; x_wconf 67' lang='grc'>497*.</span> <span class='ocrx_word' id='word_1_207' title='bbox 1426 1520 1560 1565; x_wconf 74' lang='lat'>498*.</span> 
     </span>
     <span class='ocr_line' id='line_1_70' title="bbox 1055 1575 1470 1630; baseline 0.012 -13"><span class='ocrx_word' id='word_1_208' title='bbox 1055 1575 1337 1630; x_wconf 80' lang='grc' dir='ltr'><strong><em>συνθρύπτω</em></strong></span> <span class='ocrx_word' id='word_1_209' title='bbox 1370 1581 1470 1622; x_wconf 90' lang='grc'>508.</span> 
     </span>
     <span class='ocr_line' id='line_1_71' title="bbox 1056 1630 1751 1690; baseline 0.012 -15"><span class='ocrx_word' id='word_1_210' title='bbox 1056 1630 1279 1690; x_wconf 85' lang='grc' dir='ltr'><strong><em>σφαιρίον</em></strong></span> <span class='ocrx_word' id='word_1_211' title='bbox 1311 1641 1411 1680; x_wconf 89' lang='grc'>476.</span> <span class='ocrx_word' id='word_1_212' title='bbox 1446 1638 1582 1683; x_wconf 80' lang='grc'>478*.</span> <span class='ocrx_word' id='word_1_213' title='bbox 1613 1638 1751 1683; x_wconf 78' lang='grc'>480*.</span> 
     </span>
     <span class='ocr_line' id='line_1_72' title="bbox 1056 1691 1363 1749; baseline 0.013 -14"><span class='ocrx_word' id='word_1_214' title='bbox 1056 1691 1230 1749; x_wconf 80' lang='grc' dir='ltr'><strong><em>σφέκλη</em></strong></span> <span class='ocrx_word' id='word_1_215' title='bbox 1264 1699 1363 1740; x_wconf 89' lang='lat'>505.</span> 
     </span>
     <span class='ocr_line' id='line_1_73' title="bbox 1053 1754 1689 1811; baseline 0.011 -17"><span class='ocrx_word' id='word_1_216' title='bbox 1053 1754 1354 1811; x_wconf 80' lang='grc' dir='ltr'><strong><em>τερεβινθίνη</em></strong></span> <span class='ocrx_word' id='word_1_217' title='bbox 1387 1759 1473 1799; x_wconf 88' lang='grc'><strong><em>496</em></strong></span> <span class='ocrx_word' id='word_1_218' title='bbox 1484 1756 1521 1801; x_wconf 78' lang='grc'><strong><em>*.</em></strong></span> <span class='ocrx_word' id='word_1_219' title='bbox 1555 1756 1689 1801; x_wconf 79' lang='lat'>497*.</span> 
     </span>
     <span class='ocr_line' id='line_1_74' title="bbox 1053 1814 1344 1866; baseline 0.017 -13"><span class='ocrx_word' id='word_1_220' title='bbox 1053 1814 1179 1866; x_wconf 82' lang='grc' dir='ltr'><strong><em>τῆλις</em></strong></span> <span class='ocrx_word' id='word_1_221' title='bbox 1210 1815 1344 1858; x_wconf 89' lang='grc'>480*.</span> 
     </span>
     <span class='ocr_line' id='line_1_75' title="bbox 1053 1869 1498 1926; baseline 0.016 -14"><span class='ocrx_word' id='word_1_222' title='bbox 1053 1869 1366 1926; x_wconf 78' lang='grc' dir='ltr'><strong><em>τραγάκανθα</em></strong></span> <span class='ocrx_word' id='word_1_223' title='bbox 1399 1877 1498 1919; x_wconf 91' lang='grc'>508.</span> 
     </span>
     <span class='ocr_line' id='line_1_76' title="bbox 1053 1930 1204 1985; baseline 0.007 -14"><span class='ocrx_word' id='word_1_224' title='bbox 1053 1930 1204 1985; x_wconf 82' lang='grc' dir='ltr'><strong><em>τρίχες</em></strong></span> 
     </span>
     <span class='ocr_line' id='line_1_77' title="bbox 1112 1987 1786 2048; baseline 0.01 -17"><span class='ocrx_word' id='word_1_225' title='bbox 1112 1987 1228 2045; x_wconf 85' lang='grc' dir='ltr'><strong><em>πρὸς</em></strong></span> <span class='ocrx_word' id='word_1_226' title='bbox 1258 1989 1454 2045; x_wconf 78' lang='grc' dir='ltr'><strong><em>αὔξησιν</em></strong></span> <span class='ocrx_word' id='word_1_227' title='bbox 1484 1998 1652 2048; x_wconf 87' lang='grc' dir='ltr'><strong><em>τρι-χῶν</em></strong></span> <span class='ocrx_word' id='word_1_228' title='bbox 1685 1997 1786 2038; x_wconf 87' lang='grc'>481.</span> 
     </span>
     <span class='ocr_line' id='line_1_78' title="bbox 1055 2046 1582 2104; baseline 0.012 -15"><span class='ocrx_word' id='word_1_229' title='bbox 1055 2046 1171 2103; x_wconf 86' lang='grc' dir='ltr'><strong><em>πρὸς</em></strong></span> <span class='ocrx_word' id='word_1_230' title='bbox 1201 2049 1416 2104; x_wconf 90' lang='grc' dir='ltr'><strong><em>τρίχωσιν</em></strong></span> <span class='ocrx_word' id='word_1_231' title='bbox 1448 2051 1582 2096; x_wconf 81' lang='lat'>482*.</span> 
     </span>
     <span class='ocr_line' id='line_1_79' title="bbox 1055 2104 1236 2180; baseline 0.017 -20"><span class='ocrx_word' id='word_1_232' title='bbox 1055 2104 1083 2160; x_wconf 81' lang='grc' dir='ltr'>ἡ</span> <span class='ocrx_word' id='word_1_233' title='bbox 1117 2106 1236 2180; x_wconf 65' lang='grc' dir='ltr'><strong><em>ὑγρά</em></strong></span> 
     </span>
     <span class='ocr_line' id='line_1_80' title="bbox 1114 2165 1859 2252; baseline 0.011 -45"><span class='ocrx_word' id='word_1_234' title='bbox 1114 2165 1165 2208; x_wconf 89' lang='grc' dir='ltr'><strong><em>τὸ</em></strong></span> <span class='ocrx_word' id='word_1_235' title='bbox 1190 2173 1373 2252; x_wconf 58' lang='lat' dir='ltr'><strong><em>vgocfiuoc</em></strong></span> <span class='ocrx_word' id='word_1_236' title='bbox 1396 2168 1635 2226; x_wconf 76' lang='grc' dir='ltr'><strong><em>θεράπευε</em></strong></span> <span class='ocrx_word' id='word_1_237' title='bbox 1661 2176 1716 2227; x_wconf 82' lang='grc' dir='ltr'><strong><em>τῇ</em></strong></span> <span class='ocrx_word' id='word_1_238' title='bbox 1739 2171 1859 2233; x_wconf 82' lang='grc' dir='ltr'><strong><em>ὑγρᾷ</em></strong></span> 
     </span>
     <span class='ocr_line' id='line_1_81' title="bbox 1055 2282 1479 2356; baseline 0.007 -30"><span class='ocrx_word' id='word_1_239' title='bbox 1055 2282 1311 2356; x_wconf 82' lang='grc' dir='ltr'><strong><em>ὑγρόπισσα</em></strong></span> <span class='ocrx_word' id='word_1_240' title='bbox 1342 2286 1479 2329; x_wconf 85' lang='grc'>480*.</span> 
     </span>
     <span class='ocr_line' id='line_1_82' title="bbox 1054 2342 1590 2398; baseline 0.011 -14"><span class='ocrx_word' id='word_1_241' title='bbox 1054 2342 1170 2398; x_wconf 88' lang='grc' dir='ltr'><strong><em>πρὸς</em></strong></span> <span class='ocrx_word' id='word_1_242' title='bbox 1200 2343 1427 2395; x_wconf 83' lang='grc' dir='ltr'><strong><em>ὑδατίδας</em></strong></span> <span class='ocrx_word' id='word_1_243' title='bbox 1459 2346 1590 2390; x_wconf 75' lang='grc'>509*.</span> 
     </span>
     <span class='ocr_line' id='line_1_83' title="bbox 1053 2399 1712 2461; baseline 0.009 -18"><span class='ocrx_word' id='word_1_244' title='bbox 1053 2399 1180 2456; x_wconf 91' lang='grc' dir='ltr'><strong><em>υδωρ</em></strong></span> <span class='ocrx_word' id='word_1_245' title='bbox 1213 2402 1306 2446; x_wconf 81' lang='grc' dir='ltr'><strong><em>ἀπὸ</em></strong></span> <span class='ocrx_word' id='word_1_246' title='bbox 1339 2402 1582 2461; x_wconf 84' lang='grc' dir='ltr'><strong><em>κιστέρνης</em></strong></span> <span class='ocrx_word' id='word_1_247' title='bbox 1614 2410 1712 2451; x_wconf 90' lang='grc'>508.</span> 
     </span>
     <span class='ocr_line' id='line_1_84' title="bbox 1053 2459 1859 2523; baseline 0.01 -21"><span class='ocrx_word' id='word_1_248' title='bbox 1053 2459 1169 2515; x_wconf 86' lang='grc' dir='ltr'><strong><em>πρὸς</em></strong></span> <span class='ocrx_word' id='word_1_249' title='bbox 1199 2460 1425 2518; x_wconf 80' lang='grc' dir='ltr'><strong><em>ὑπόχυσιν</em></strong></span> <span class='ocrx_word' id='word_1_250' title='bbox 1447 2465 1646 2519; x_wconf 85' lang='grc' dir='ltr'><strong><em>φυσικὸν</em></strong></span> <span class='ocrx_word' id='word_1_251' title='bbox 1669 2468 1859 2523; x_wconf 77' lang='grc' dir='ltr'><strong><em>θαυμα-</em></strong></span> 
     </span>
     <span class='ocr_line' id='line_1_85' title="bbox 1114 2518 1585 2578; baseline 0.013 -17"><span class='ocrx_word' id='word_1_252' title='bbox 1114 2518 1222 2562; x_wconf 89' lang='grc' dir='ltr'><strong><em>στὸν</em></strong></span> <span class='ocrx_word' id='word_1_253' title='bbox 1255 2520 1455 2578; x_wconf 84' lang='grc' dir='ltr'><strong><em>βοτάνης</em></strong></span> <span class='ocrx_word' id='word_1_254' title='bbox 1487 2527 1585 2567; x_wconf 87' lang='grc'>488.</span> 
     </span>
     <span class='ocr_line' id='line_1_86' title="bbox 1053 2577 1596 2636; baseline 0.011 -17"><span class='ocrx_word' id='word_1_255' title='bbox 1053 2577 1267 2621; x_wconf 83' lang='grc' dir='ltr'><strong><em>ὑσσώπου</em></strong></span> <span class='ocrx_word' id='word_1_256' title='bbox 1300 2581 1473 2636; x_wconf 88' lang='grc' dir='ltr'><strong><em>δεσμαί</em></strong></span> <span class='ocrx_word' id='word_1_257' title='bbox 1497 2586 1596 2627; x_wconf 88' lang='grc'>508.</span> 
     </span>
     <span class='ocr_line' id='line_1_87' title="bbox 1054 2635 1540 2695; baseline 0.011 -17"><span class='ocrx_word' id='word_1_258' title='bbox 1054 2635 1163 2691; x_wconf 84' lang='grc' dir='ltr'><strong><em>περὶ</em></strong></span> <span class='ocrx_word' id='word_1_259' title='bbox 1194 2639 1409 2695; x_wconf 79' lang='grc' dir='ltr'><strong><em>φθειρῶν</em></strong></span> <span class='ocrx_word' id='word_1_260' title='bbox 1441 2644 1540 2684; x_wconf 90' lang='grc'>503.</span> 
     </span>
     <span class='ocr_line' id='line_1_88' title="bbox 1054 2694 1501 2751; baseline 0.009 -13"><span class='ocrx_word' id='word_1_261' title='bbox 1054 2694 1169 2751; x_wconf 84' lang='grc' dir='ltr'><strong><em>πρὸς</em></strong></span> <span class='ocrx_word' id='word_1_262' title='bbox 1200 2698 1370 2750; x_wconf 82' lang='grc' dir='ltr'><strong><em>φθίσιν</em></strong></span> <span class='ocrx_word' id='word_1_263' title='bbox 1402 2702 1501 2743; x_wconf 88' lang='grc'>508.</span> 
     </span>
     <span class='ocr_line' id='line_1_89' title="bbox 1056 2754 1396 2809; baseline 0.012 -13"><span class='ocrx_word' id='word_1_264' title='bbox 1056 2754 1267 2809; x_wconf 88' lang='grc' dir='ltr'><strong><em>φοίνικες</em></strong></span> <span class='ocrx_word' id='word_1_265' title='bbox 1298 2759 1396 2800; x_wconf 90' lang='grc'>508.</span> 
     </span>
    </p>
   </div>
   <div class='ocr_carea' id='block_1_5' title="bbox 1056 2813 1858 2916">
    <p class='ocr_par' dir='ltr' id='par_1_5' title="bbox 1056 2813 1858 2916">
     <span class='ocr_line' id='line_1_90' title="bbox 1056 2813 1858 2916; baseline 0.011 -61"><span class='ocrx_word' id='word_1_266' title='bbox 1056 2813 1256 2916; x_wconf 58' lang='grc' dir='ltr'><strong><em>φυῖέέὸν</em></strong></span> <span class='ocrx_word' id='word_1_267' title='bbox 1316 2816 1594 2872; x_wconf 80' lang='grc' dir='ltr'><strong><em>θαυμαστὸν</em></strong></span> <span class='ocrx_word' id='word_1_268' title='bbox 1658 2817 1858 2876; x_wconf 85' lang='grc' dir='ltr'><strong><em>βοτάνης</em></strong></span> 
     </span>
    </p>
   </div>
  </div>
 </body>
</html>
