2060 3232
794 135 1192 217 -195ss

88 298 103 309 Χ
153 296 342 351 piperis
359 295 456 340 albi
484 294 754 349 semiuncia,
785 294 898 338 salis
935 294 1240 338 hammoniaci
1271 294 1411 350 (trad.
1445 298 1717 354 armeniaci)
1750 313 1836 343 un-

155 355 251 400 ciae
283 355 352 397 II
382 367 484 398 cum
513 354 638 398 melle
661 353 908 408 permixta.

275 412 376 458 437
403 410 499 456 Col.
524 411 590 455 VI
613 416 669 455 33
713 411 876 455 auctor
908 411 999 455 est·
1037 411 1270 456 cicatrices
1307 406 1539 456 oculorum
1577 414 1734 458 ieiuna
1764 429 1836 459 sa·

8 532 25 546 .
78 496 81 497 ν
148 467 250 516 *liba
294 471 335 516 et
364 471 459 516 sale
488 471 738 525 defricatae
769 461 1034 526 (traduntur
1071 470 1321 524 defricata,
1359 471 1592 525 defrictae,
1624 473 1836 530 defricta)

153 535 461 575 extenuantur
505 530 574 575 vel
611 543 713 573 cum
751 529 900 583 fossili
936 529 1044 573 sale
1069 530 1183 573 trita
1222 530 1373 588 sepiae
1411 534 1524 574 testa
1568 531 1636 575 vel
1673 533 1838 576 semine

155 589 345 647 ayrestis
368 589 641 645 pastinacae
665 588 843 644 pinsito
874 591 915 632 et
937 601 1025 643 per
1056 588 1244 632 linteum
1275 595 1414 647 super
1434 590 1586 633 oculos
1616 603 1836 646 eapresso.

153 649 383 704 omnisque
412 648 544 692 dolor
573 649 807 692 oculorum
837 647 1104 691 inunctione
1134 647 1235 691 suci
1257 648 1552 704 plantaginis
1581 661 1682 692 cum
1712 650 1837 692 melle

153 715 348 763 acapno,
392 707 461 752 vel
505 707 547 751 si
590 707 642 751 id
687 719 783 750 non
825 710 911 759 est,
957 706 1114 762 utique
1157 706 1361 779 thymino
1402 707 1603 750 celeriter
1648 708 1835 751 levatur.
1886 741 1889 744 .

18 736 20 738 -
65 761 69 766 ’
151 765 319 809 iisdem
357 779 467 809 118118
506 766 579 809 est
615 765 838 808 Eumelus
877 764 1016 820 Hipp.
1041 779 1086 820 p.
1110 770 1165 808 47
1206 764 1322 820 πρὸς
1359 764 1442 814 τὰς
1483 760 1534 808 έν
1574 765 1840 821 ὀφθαλμοις

153 823 303 874 οὐλάς.
382 823 497 874 ἅλας
542 821 610 868 ἔτι
663 830 820 879 νῆστις
870 821 934 866 ὢν
989 822 1396 894 διαμασησάμενος
1450 823 1531 867 τὸν
1586 824 1838 880 ὀφθαλμὸν

150 883 446 940 πρόσπτυσον
493 882 574 926 καὶ
619 883 954 931 ἀπολεπτυνεῖς
999 879 1028 936 ἢ
1069 883 1238 937 σηπίας
1277 881 1503 939 ὄστρακον
1551 882 1691 935 ξύσας
1728 891 1836 939 χρῶ,

152 943 578 1000 ἀγριοσταφυλίνου
602 940 784 1008 σπέρμα
807 938 1096 996 κεκομμένου
1121 940 1202 983 καὶ
1234 941 1633 997 ἀρνογλώσσου
1666 942 1836 998 χυλὸν

154 1001 261 1058 (hoc
299 1000 580 1057 Pelagonius
622 999 799 1054 omisit)
839 997 986 1056 μέλιτι
1028 997 1208 1058 Ἀττικῷ
1262 1001 1398 1071 μίξας
1442 1007 1551 1056 χρῶ.
1614 1004 1738 1054 (011111
1778 1001 1836 1044 118

153 1074 282 1116 quae
306 1060 537 1133 secuntur,
568 1059 796 1115 inscripta
825 1060 873 1101 in
906 1059 953 1102 P
978 1058 1094 1114 πρὸς
1122 1044 1448 1115 πεπληγμένον
1481 1059 1733 1116 ὀφθαλμὸν
1758 1060 1839 1103 καὶ.

150 1119 267 1176 πρὸς
298 1114 550 1186 ἐπιφοράς,
583 1119 648 1163 ef.
675 1117 771 1162 Col.
795 1117 861 1161 VI
888 1122 956 1170 17,
982 1123 1063 1161 6-
1016 1121 1146 1173 9).
1174 1118 1359 1173 integra
1403 1117 1646 1169 Pelaoonii
1684 1119 1837 1163 versio

150 1180 280 1222 extat
316 1178 366 1222 in
405 1178 469 1221 M
494 1183 549 1222 67
598 1177 708 1250 υκβ’
752 1177 868 1233 πρὸς
904 1175 987 1227 τὰς
1026 1171 1077 1219 έν
1118 1176 1384 1232 ὀφθαλμοῖς
1423 1176 1574 1227 οὐλάς.
1638 1182 1837 1250 νηστικῷ

152 1235 284 1295 σιέλῳ
316 1236 397 1281 καὶ
429 1236 564 1280 ἅλατι
603 1234 826 1294 ἀπότριβε
866 1234 947 1279 καὶ
985 1234 1408 1289 λεπτυνθήσονται·
1449 1233 1477 1289 ἢ
1518 1235 1633 1292 μετὰ
1669 1235 1838 1286 αλατος

150 1298 321 1352 σηπίας
352 1295 579 1353 ὄστρακον
611 1296 781 1351 τρίψας
805 1301 913 1351 χρῶ,
947 1291 975 1348 ἢ
1002 1291 1183 1350 σπέρμα
1208 1293 1436 1348 σινήπεως
1459 1294 1625 1351 ἀγρίου
1650 1292 1837 1350 χυλίσας

28 1378 63 1428 -ιρ
122 1354 232 1399 ’διὰ
265 1355 462 1399 ὀθονίου
502 1353 569 1405 εἰς
605 1354 687 1398 τὸν
728 1353 980 1409 ὀφθαλμὸν
1020 1351 1166 1406 σταζε.
1204 1359 1297 1403 πᾶς
1335 1352 1387 1396 δὲ
1434 1359 1525 1396 τῶν
1574 1353 1835 1409 ὀφθαλμῶν

150 1413 296 1465 πόνος
329 1410 379 1458 έν
411 1415 560 1487 χρίσει
592 1411 770 1469 μέλιτος
802 1411 1018 1456 ἀκάπνου
1051 1411 1394 1455 καταπαύεται·
1429 1410 1474 1455 εἰ
1495 1410 1546 1455 δὲ
1572 1412 1633 1468 μὴ
1661 1413 1834 1470 εὑρεθῇ

149 1489 381 1528 ακαπνον,
414 1472 503 1516 κᾶν
536 1479 650 1528 γοῦν
682 1469 994 1515 καπνισθέντι
1024 1473 1246 1529 θυμιακῷ
1289 1471 1424 1524 (trad.
1458 1473 1694 1529 θυνιακῷ)
1727 1477 1835 1527 χρῶ.

150 1533 359 1576 omnium
389 1530 663 1576 brevissime
702 1530 806 1587 Veg
809 1530 929 1575 etius
952 1529 1018 1572 ΠΙ
1045 1534 1123 1583 22,
1152 1534 1220 1573 10.
1256 1534 1307 1573 11
1351 1529 1445 1585 (cui
1481 1532 1725 1586 praeterea
1757 1532 1836 1574 ob-

149 1592 385 1655 versatum
431 1592 505 1635 est
549 1589 808 1634 remedium
850 1590 976 1645 435).
1023 1589 1314 1634 cicatricibus
1359 1589 1591 1634 oculorum
1636 1589 1837 1634 medetur

147 1649 307 1695 ieiuna
336 1651 501 1704 saliva,
530 1652 572 1693 si
602 1663 703 1693 cum
732 1650 826 1693 sale
856 1649 1107 1694 mandatur
1136 1648 1188 1692 in
1221 1661 1295 1691 ore
1325 1652 1366 1692 et
1396 1652 1627 1704 empuatur
1655 1649 1708 1691 in
1731 1661 1835 1692 ocu-

148 1710 267 1763 lum;
282 1711 354 1753 sal
370 1722 542 1766 quoque
559 1709 718 1753 tritum
734 1721 836 1752 cum
859 1720 953 1752 osse
975 1707 1126 1763 sepiae
1156 1711 1197 1751 et
1226 1707 1407 1762 sinapis
1438 1707 1630 1763 ayrestis
1655 1707 1833 1751 semine.

268 1778 469 1812 cortex
498 1767 766 1811 vetustae
797 1765 1084 1838 taurinae]
1108 1764 1226 1809 haec
1250 1766 1307 1808 de
1334 1778 1415 1808 suo
1442 1764 1624 1809 addidit
1647 1767 1828 1818 aneton

155 1826 358 1871 Graecus
393 1826 491 1881 (M)
524 1826 669 1870 vertit
707 1824 801 1869 ita:
842 1823 887 1868 εἰ
922 1823 973 1868 δὲ
1021 1823 1168 1880 μηδὲν
1212 1823 1389 1868 τούτων
1429 1825 1618 1881 εὑρεθῇ,
1667 1799 1833 1879 φλοιὸν

150 1889 356 1936 παλαιᾶς
388 1885 559 1943 βύρσης
588 1884 766 1934 καύσας
805 1883 886 1928 καὶ
925 1884 1086 1940 ξηριόν
1124 1882 1323 1941 ποιησας
1364 1880 1530 1941 ἔμβαλε
1569 1882 1690 1926 κατὰ
1726 1883 1835 1933 τοὺς

148 1945 426 2001 ὀφθαλμους
465 1944 546 1988 καὶ
576 1950 670 2001 χρῶ
718 1944 777 1994 ὡς
817 1943 1006 2001 δοκίμῳ.
1070 1939 1217 1999 δορὰν
1256 1945 1460 1992 παλαιᾶς
1503 1941 1672 2000 βύρσης
1701 1941 1835 1997 ponit

146 2005 267 2049 alter
298 2003 529 2059 interpres
560 2004 610 2046 Η
643 2008 716 2056 50,
746 2002 828 2046 ubi
855 2002 903 2045 P
929 1987 1231 2067 praescripsit
1259 1999 1497 2057 peculiare
1522 2002 1695 2045 lemma
1716 1999 1834 2057 πρὸς

144 2061 227 2113 τὰς
251 2058 302 2106 έν
327 2063 595 2119 ὀφθαλμοῖς
620 2060 770 2112 οὔλας.
814 2061 1048 2105 taurinam
1067 2058 1216 2116 igitur
1241 2058 1524 2115 intellegunt
1553 2059 1833 2115 interpretes

70 2129 80 2137 “
145 2121 324 2166 corium
354 2122 432 2166 vel
463 2123 661 2177 tergum.
726 2119 914 2176 proprie
946 2120 1105 2163 autem
1128 2119 1349 2162 taurinae
1367 2119 1629 2163 calceorum
1660 2118 1736 2162 vel
1761 2131 1832 2162 so-

145 2175 325 2225 learum
355 2194 501 2237 genus
534 2181 644 2223 sunt
672 2179 828 2224 dictae
852 2178 1051 2222 fortasse
1076 2191 1104 2220 a
1135 2175 1351 2221 'faminis
1376 2175 1557 2221 Gallica
1579 2177 1732 2233 gente.
1780 2177 1831 2220 in

145 2238 291 2283 edicti
319 2237 607 2283 Diocletiani
637 2252 675 2283 0.
702 2243 727 2282 9
762 2237 1090 2281 enumerantur
1112 2238 1329 2280 taurinae
1343 2236 1580 2280 muliebres
1604 2236 1761 2280 bisoles
1785 2236 1833 2278 et

145 2299 404 2350 monosoles,
428 2302 542 2342 0.10
576 2298 792 2342 taurinae
815 2297 1063 2340 inauratae
1087 2296 1134 2338 et
1158 2296 1342 2339 lanatae
1366 2296 1550 2350 (graece
1573 2298 1831 2350 ταυρεῖναι,

146 2357 202 2402 cf.
216 2356 308 2401 CIL
333 2356 398 2399 ΙΙΙ
425 2371 471 2413 p.
490 2357 610 2410 833).
658 2355 942 2410 condignum
979 2352 1238 2397 remedium
1268 2353 1389 2397 infra
1419 2353 1562 2397 habes
1588 2356 1712 2406 ’44,0
1750 2352 1833 2395 ubi

147 2416 297 2461 solum
313 2415 484 2460 veteris
501 2414 702 2471 gallicae
722 2414 1018 2458 combustum
1033 2412 1290 2468 tritumque
1316 2411 1463 2456 oculis
1479 2411 1656 2456 mederi
1670 2412 1839 2455 fertur.¹

262 2473 358 2519 438
399 2475 462 2518 M
492 2478 546 2518 68
585 2472 694 2517 υκδ’
743 2471 1013 2541 κολλούριον
1052 2470 1308 2515 κάλλιστον.
1379 2469 1558 2515 omittit
1594 2471 1670 2514 tus
1709 2483 1847 2541 mas--

144 2534 312 2589 culum,
343 2547 430 2589 pro
462 2534 560 2588 opii
585 2524 734 2577 vertit
763 2533 864 2588 apii
894 2531 1093 2588 (σελίνου
1126 2530 1374 2587 γράμματα
1405 2529 1453 2573 δ’
1459 2534 1488 2584 ).

260 2569 357 2637 440
388 2593 443 2636 cf.
471 2596 558 2636 437
593 2605 661 2635 ex

206 2657 210 2659 ’
263 2650 356 2696 441
389 2652 447 2694 Η
470 2651 529 2695 49
559 2650 786 2724 σμύρναν,
818 2648 1004 2706 κρόκον,
1037 2650 1225 2705 σχοίνου
1258 2648 1410 2697 ανθος
1445 2646 1717 2695 συλλειὼσας
1747 2644 1828 2689 καὶ

143 2708 246 2767 μέλι
277 2706 510 2784 ἐπιβαλὼν
551 2705 742 2766 ε’πίχριε.
811 2708 949 2752 aliter
980 2709 1036 2751 H
1062 2714 1119 2752 46
1154 2706 1219 2758 εἰς
1257 2705 1507 2762 ὀφθαλμὸν
1546 2701 1827 2760 ἡλκωμένον.

146 2771 207 2813 M
237 2774 293 2813 66
324 2768 404 2824 υη’
438 2769 555 2825 πρὸς
584 2776 767 2825 τραῦμα
790 2768 1065 2828 ὀφθαλμοῦ.

262 2826 356 2871 442
388 2828 444 2871 Η
470 2833 527 2872 49
559 2828 649 2884 πρὸ
681 2826 871 2871 πάντων
905 2823 956 2869 ἐν
978 2823 1258 2899 θερμοτέρῳ
1288 2823 1413 2898 τόπῳ
1447 2820 1675 2876 ἱστάσθω,
1716 2821 1828 2864 ἀπε-

66 2897 75 2904 ·
140 2884 294 2942 χέσθω
319 2902 366 2930 τε
399 2889 595 2943 κριθῶν,
617 2885 781 2962 μόνοις
805 2885 857 2930 δὲ
882 2884 1092 2940 πιτύροις
1123 2883 1203 2928 καὶ
1234 2882 1424 2940 ἀχύροις
1454 2878 1701 2938 τρεφέσθω
1726 2882 1819 2923 κτλ.

118 2947 207 2989 M
240 2951 296 2990 66
327 2944 426 3003 υιβ’
461 2945 577 3001 πρὸς
606 2944 833 3002 υπόχυσῐν
866 2944 1141 3000 ὀφθαλμῶν.
1204 2942 1342 2986 idem·
1361 2942 1534 2985 lemma
1563 2940 1612 2983 in
1645 2940 1702 2982 Ρ.

1389 3014 1474 3058 13*
