<?xml version="1.0" encoding="UTF-8"?>
<!DOCTYPE html PUBLIC "-//W3C//DTD XHTML 1.0 Transitional//EN"
    "http://www.w3.org/TR/xhtml1/DTD/xhtml1-transitional.dtd">
<html xmlns="http://www.w3.org/1999/xhtml" xml:lang="en" lang="en">
 <head>
  <title>
</title>
<meta http-equiv="Content-Type" content="text/html;charset=utf-8" />
  <meta name='ocr-system' content='tesseract 3.04.00' />
  <meta name='ocr-capabilities' content='ocr_page ocr_carea ocr_par ocr_line ocrx_word'/>
</head>
<body>
  <div class='ocr_page' id='page_1' title='image "artisveterinaria00pelauoft_0168.png"; bbox 0 0 2060 3232; ppageno 0'>
   <div class='ocr_carea' id='block_1_1' title="bbox 862 112 1257 165">
    <p class='ocr_par' dir='ltr' id='par_1_1' title="bbox 862 112 1257 165">
     <span class='ocr_line' id='line_1_1' title="bbox 862 112 1257 165; baseline 0 0"><span class='ocrx_word' id='word_1_1' title='bbox 862 112 1257 165; x_wconf 71' lang='lat'>-162-</span> 
     </span>
    </p>
   </div>
   <div class='ocr_carea' id='block_1_2' title="bbox 210 240 1907 2945">
    <p class='ocr_par' dir='ltr' id='par_1_2' title="bbox 221 240 1907 346">
     <span class='ocr_line' id='line_1_2' title="bbox 221 240 1907 346; baseline 0 -59"><span class='ocrx_word' id='word_1_2' title='bbox 221 301 264 346; x_wconf 80' lang='lat' dir='ltr'><strong>V</strong></span> <span class='ocrx_word' id='word_1_3' title='bbox 329 241 438 344; x_wconf 51' lang='lat'><strong><em>139</em></strong></span> <span class='ocrx_word' id='word_1_4' title='bbox 477 241 638 286; x_wconf 86' lang='lat' dir='ltr'>H183</span> <span class='ocrx_word' id='word_1_5' title='bbox 679 241 724 286; x_wconf 83' lang='grc' dir='ltr'><strong><em>εἰ</em></strong></span> <span class='ocrx_word' id='word_1_6' title='bbox 758 242 891 299; x_wconf 86' lang='grc' dir='ltr'><strong><em>λιμὸν</em></strong></span> <span class='ocrx_word' id='word_1_7' title='bbox 923 242 973 286; x_wconf 88' lang='grc' dir='ltr'><strong><em>τὸ</em></strong></span> <span class='ocrx_word' id='word_1_8' title='bbox 1014 244 1130 296; x_wconf 85' lang='grc' dir='ltr'><strong><em>ζῶον</em></strong></span> <span class='ocrx_word' id='word_1_9' title='bbox 1170 242 1416 300; x_wconf 83' lang='grc' dir='ltr'><strong><em>ὑπομείνοι</em></strong></span> <span class='ocrx_word' id='word_1_10' title='bbox 1454 245 1547 288; x_wconf 95' lang='grc' dir='ltr'><strong><em>κτλ.</em></strong></span> <span class='ocrx_word' id='word_1_11' title='bbox 1611 243 1750 287; x_wconf 90' lang='grc' dir='ltr'><strong><em>Μ86</em></strong></span> <span class='ocrx_word' id='word_1_12' title='bbox 1783 240 1907 299; x_wconf 53' lang='lat'><strong><em>‘1²35&#39;-</em></strong></span> 
     </span>
     <span class='ocr_line' id='line_1_3' title="bbox 268 305 500 358; baseline 0 -13"><span class='ocrx_word' id='word_1_13' title='bbox 268 315 325 358; x_wconf 87' lang='lat' dir='ltr'><strong><em>eg</em></strong></span> <span class='ocrx_word' id='word_1_14' title='bbox 431 305 500 346; x_wconf 80' lang='lat'><strong><em>37.</em></strong></span> 
     </span>
    </p>

    <p class='ocr_par' dir='ltr' id='par_1_3' title="bbox 222 358 1907 698">
     <span class='ocr_line' id='line_1_4' title="bbox 342 358 1904 418; baseline 0 -14"><span class='ocrx_word' id='word_1_15' title='bbox 342 359 438 404; x_wconf 88' lang='lat'><strong><em>190</em></strong></span> <span class='ocrx_word' id='word_1_16' title='bbox 464 360 526 403; x_wconf 90' lang='grc' dir='ltr'><strong>Μ</strong></span> <span class='ocrx_word' id='word_1_17' title='bbox 545 365 602 404; x_wconf 85' lang='grc'><strong><em>26</em></strong></span> <span class='ocrx_word' id='word_1_18' title='bbox 628 358 704 416; x_wconf 88' lang='grc' dir='ltr'><strong><em>οη’</em></strong></span> <span class='ocrx_word' id='word_1_19' title='bbox 738 359 1040 416; x_wconf 84' lang='lat' dir='ltr'><strong>(praecedunt</strong></span> <span class='ocrx_word' id='word_1_20' title='bbox 1063 359 1255 417; x_wconf 83' lang='lat' dir='ltr'><strong>Apsyrti</strong></span> <span class='ocrx_word' id='word_1_21' title='bbox 1281 362 1329 405; x_wconf 88' lang='lat' dir='ltr'><strong><em>et</em></strong></span> <span class='ocrx_word' id='word_1_22' title='bbox 1352 359 1578 404; x_wconf 83' lang='lat' dir='ltr'>Hieroclis</span> <span class='ocrx_word' id='word_1_23' title='bbox 1603 359 1711 417; x_wconf 86' lang='grc' dir='ltr'><strong><em>περὶ</em></strong></span> <span class='ocrx_word' id='word_1_24' title='bbox 1734 376 1904 418; x_wconf 85' lang='grc' dir='ltr'><strong><em>κεκμη-</em></strong></span> 
     </span>
     <span class='ocr_line' id='line_1_5' title="bbox 222 417 1903 476; baseline 0 -13"><span class='ocrx_word' id='word_1_25' title='bbox 222 418 356 470; x_wconf 81' lang='grc' dir='ltr'><strong><em>κότος</em></strong></span> <span class='ocrx_word' id='word_1_26' title='bbox 381 440 436 455; x_wconf 85' lang='grc'><strong><em>---</em></strong></span> <span class='ocrx_word' id='word_1_27' title='bbox 460 417 598 475; x_wconf 89' lang='lat' dir='ltr'><strong>Hipp.</strong></span> <span class='ocrx_word' id='word_1_28' title='bbox 626 419 699 475; x_wconf 87' lang='lat'><strong><em>39)</em></strong></span> <span class='ocrx_word' id='word_1_29' title='bbox 738 419 1040 475; x_wconf 79' lang='grc' dir='ltr'><strong><em>Πελαγωνίου</em></strong></span> <span class='ocrx_word' id='word_1_30' title='bbox 1080 418 1195 476; x_wconf 89' lang='grc' dir='ltr'><strong><em>πρὸς</em></strong></span> <span class='ocrx_word' id='word_1_31' title='bbox 1237 418 1363 463; x_wconf 87' lang='grc' dir='ltr'><strong><em>αυτό.</em></strong></span> <span class='ocrx_word' id='word_1_32' title='bbox 1426 418 1511 476; x_wconf 85' lang='grc' dir='ltr'><strong><em>χρὴ</em></strong></span> <span class='ocrx_word' id='word_1_33' title='bbox 1552 425 1716 463; x_wconf 85' lang='grc' dir='ltr'><strong><em>τοῦτον</em></strong></span> <span class='ocrx_word' id='word_1_34' title='bbox 1756 420 1903 475; x_wconf 82' lang='grc' dir='ltr'><strong><em>ἀφαι-</em></strong></span> 
     </span>
     <span class='ocr_line' id='line_1_6' title="bbox 223 473 1902 551; baseline 0 -29"><span class='ocrx_word' id='word_1_35' title='bbox 223 477 367 535; x_wconf 80' lang='grc' dir='ltr'><strong><em>μάξαι</em></strong></span> <span class='ocrx_word' id='word_1_36' title='bbox 399 473 451 521; x_wconf 79' lang='grc' dir='ltr'><strong><em>ἐκ</em></strong></span> <span class='ocrx_word' id='word_1_37' title='bbox 481 484 572 521; x_wconf 85' lang='grc' dir='ltr'><strong><em>τῶν</em></strong></span> <span class='ocrx_word' id='word_1_38' title='bbox 605 477 866 551; x_wconf 80' lang='grc' dir='ltr'><strong><em>βραχιόνων</em></strong></span> <span class='ocrx_word' id='word_1_39' title='bbox 898 477 980 521; x_wconf 88' lang='grc' dir='ltr'><strong><em>καὶ</em></strong></span> <span class='ocrx_word' id='word_1_40' title='bbox 1011 478 1135 536; x_wconf 80' lang='grc' dir='ltr'><strong><em>αύτῷ</em></strong></span> <span class='ocrx_word' id='word_1_41' title='bbox 1166 482 1228 535; x_wconf 83' lang='grc' dir='ltr'><strong><em>τῷ</em></strong></span> <span class='ocrx_word' id='word_1_42' title='bbox 1260 479 1421 535; x_wconf 79' lang='grc' dir='ltr'><strong><em>αἵματι</em></strong></span> <span class='ocrx_word' id='word_1_43' title='bbox 1460 479 1712 535; x_wconf 79' lang='grc' dir='ltr'><em>προσμῖξαι</em></span> <span class='ocrx_word' id='word_1_44' title='bbox 1744 476 1902 523; x_wconf 81' lang='grc' dir='ltr'><strong><em>ἔλαιον</em></strong></span> 
     </span>
     <span class='ocr_line' id='line_1_7' title="bbox 223 522 1907 608; baseline 0.001 -28"><span class='ocrx_word' id='word_1_45' title='bbox 223 536 339 594; x_wconf 81' lang='grc' dir='ltr'><strong><em>μετὰ</em></strong></span> <span class='ocrx_word' id='word_1_46' title='bbox 371 537 516 591; x_wconf 89' lang='grc' dir='ltr'><strong><em>οἰνου,</em></strong></span> <span class='ocrx_word' id='word_1_47' title='bbox 549 535 667 580; x_wconf 78' lang='grc' dir='ltr'><strong><em>ὅθεν</em></strong></span> <span class='ocrx_word' id='word_1_48' title='bbox 690 542 787 579; x_wconf 82' lang='grc' dir='ltr'><strong><em>πᾶν</em></strong></span> <span class='ocrx_word' id='word_1_49' title='bbox 811 536 862 580; x_wconf 90' lang='grc' dir='ltr'><strong><em>τὸ</em></strong></span> <span class='ocrx_word' id='word_1_50' title='bbox 888 543 1016 592; x_wconf 84' lang='grc' dir='ltr'><strong><em>σῶμα</em></strong></span> <span class='ocrx_word' id='word_1_51' title='bbox 1041 522 1345 608; x_wconf 79' lang='grc' dir='ltr'><strong><em>συμβάλλεται</em></strong></span> <span class='ocrx_word' id='word_1_52' title='bbox 1371 537 1699 593; x_wconf 80' lang='grc' dir='ltr'><strong><em>ἀποχρίεσθαι.</em></strong></span> <span class='ocrx_word' id='word_1_53' title='bbox 1741 538 1907 588; x_wconf 79' lang='grc' dir='ltr'><em>δώσεις</em></span> 
     </span>
     <span class='ocr_line' id='line_1_8' title="bbox 223 590 1903 654; baseline 0 -14"><span class='ocrx_word' id='word_1_54' title='bbox 223 595 274 640; x_wconf 80' lang='grc' dir='ltr'><strong><em>δὲ</em></strong></span> <span class='ocrx_word' id='word_1_55' title='bbox 322 595 466 639; x_wconf 90' lang='grc' dir='ltr'><strong><em>ποτὸν</em></strong></span> <span class='ocrx_word' id='word_1_56' title='bbox 514 592 726 653; x_wconf 79' lang='grc' dir='ltr'><strong><em>οἰνελαίῳ</em></strong></span> <span class='ocrx_word' id='word_1_57' title='bbox 775 590 976 654; x_wconf 80' lang='grc' dir='ltr'><strong><em>ἐμβαλας</em></strong></span> <span class='ocrx_word' id='word_1_58' title='bbox 1023 596 1124 652; x_wconf 84' lang='lat' dir='ltr'>(sie)</span> <span class='ocrx_word' id='word_1_59' title='bbox 1174 594 1307 638; x_wconf 90' lang='grc' dir='ltr'><strong><em>κόνιν</em></strong></span> <span class='ocrx_word' id='word_1_60' title='bbox 1360 594 1446 651; x_wconf 83' lang='grc' dir='ltr'><strong><em>τὴν</em></strong></span> <span class='ocrx_word' id='word_1_61' title='bbox 1494 594 1747 652; x_wconf 78' lang='grc' dir='ltr'><strong><em>λεγομένην</em></strong></span> <span class='ocrx_word' id='word_1_62' title='bbox 1793 612 1903 640; x_wconf 89' lang='grc' dir='ltr'><strong><em>κου-</em></strong></span> 
     </span>
     <span class='ocr_line' id='line_1_9' title="bbox 222 656 483 712; baseline -0.008 -14"><span class='ocrx_word' id='word_1_63' title='bbox 222 656 278 712; x_wconf 83' lang='grc' dir='ltr'><strong><em>δρ</em></strong></span> <span class='ocrx_word' id='word_1_64' title='bbox 283 671 299 697; x_wconf 94' lang='grc' dir='ltr'><strong><em>ι</em></strong></span> <span class='ocrx_word' id='word_1_65' title='bbox 330 670 360 697; x_wconf 91' lang='grc' dir='ltr'><strong><em>α</em></strong></span> <span class='ocrx_word' id='word_1_66' title='bbox 393 670 483 697; x_wconf 93' lang='grc' dir='ltr'><strong><em>ιαν.</em></strong></span> 
     </span>
    </p>

    <p class='ocr_par' dir='ltr' id='par_1_4' title="bbox 222 654 1903 830">
     <span class='ocr_line' id='line_1_10' title="bbox 253 654 1903 768; baseline 0 -11"><span class='ocrx_word' id='word_1_67' title='bbox 253 654 433 757; x_wconf 47' lang='grc' dir='ltr'><strong><em>ρΥΙΞΠ</em></strong></span> <span class='ocrx_word' id='word_1_68' title='bbox 459 711 517 756; x_wconf 90' lang='grc' dir='ltr'><strong><em>Η</em></strong></span> <span class='ocrx_word' id='word_1_69' title='bbox 538 716 621 756; x_wconf 83' lang='grc'>178</span> <span class='ocrx_word' id='word_1_70' title='bbox 653 711 912 768; x_wconf 80' lang='lat' dir='ltr'><strong>(praecedit</strong></span> <span class='ocrx_word' id='word_1_71' title='bbox 942 711 1291 768; x_wconf 69' lang='grc' dir='ltr'>Η1θ1001.περὶ</span> <span class='ocrx_word' id='word_1_72' title='bbox 1321 719 1413 756; x_wconf 86' lang='grc' dir='ltr'><strong><em>τῶν</em></strong></span> <span class='ocrx_word' id='word_1_73' title='bbox 1453 712 1546 756; x_wconf 82' lang='grc' dir='ltr'><strong><em>ἀπὸ</em></strong></span> <span class='ocrx_word' id='word_1_74' title='bbox 1587 711 1700 756; x_wconf 83' lang='grc' dir='ltr'><strong><em>ὀδοῦ</em></strong></span> <span class='ocrx_word' id='word_1_75' title='bbox 1733 728 1903 757; x_wconf 85' lang='grc' dir='ltr'><strong><em>κεκαυ-</em></strong></span> 
     </span>
     <span class='ocr_line' id='line_1_11' title="bbox 222 769 1723 830; baseline -0.001 -14"><span class='ocrx_word' id='word_1_76' title='bbox 222 769 405 829; x_wconf 83' lang='grc' dir='ltr'><strong><em>μένων).</em></strong></span> <span class='ocrx_word' id='word_1_77' title='bbox 454 769 498 815; x_wconf 85' lang='grc' dir='ltr'><strong><em>εἰ</em></strong></span> <span class='ocrx_word' id='word_1_78' title='bbox 526 769 746 814; x_wconf 82' lang='grc' dir='ltr'><strong><em>καύσωνα</em></strong></span> <span class='ocrx_word' id='word_1_79' title='bbox 779 771 919 821; x_wconf 80' lang='grc' dir='ltr'><strong><em>ἵππος</em></strong></span> <span class='ocrx_word' id='word_1_80' title='bbox 949 771 1195 827; x_wconf 83' lang='grc' dir='ltr'><strong><em>ὑπομείνοι</em></strong></span> <span class='ocrx_word' id='word_1_81' title='bbox 1226 774 1319 816; x_wconf 87' lang='grc' dir='ltr'><strong><em>κτλ.</em></strong></span> <span class='ocrx_word' id='word_1_82' title='bbox 1382 771 1445 816; x_wconf 89' lang='grc' dir='ltr'><strong>Μ</strong></span> <span class='ocrx_word' id='word_1_83' title='bbox 1466 776 1548 815; x_wconf 92' lang='grc'><strong><em>109</em></strong></span> <span class='ocrx_word' id='word_1_84' title='bbox 1580 779 1652 829; x_wconf 63' lang='grc' dir='ltr'><strong><em>ψᾳ</em></strong></span> <span class='ocrx_word' id='word_1_85' title='bbox 1657 770 1723 830; x_wconf 86' lang='grc' dir='ltr'><strong><em>β’.</em></strong></span> 
     </span>
    </p>

    <p class='ocr_par' dir='ltr' id='par_1_5' title="bbox 342 828 1907 904">
     <span class='ocr_line' id='line_1_12' title="bbox 342 828 1907 904; baseline 0 -29"><span class='ocrx_word' id='word_1_86' title='bbox 342 831 603 875; x_wconf 85' lang='lat' dir='ltr'><strong><em>cariotae</em></strong></span> <span class='ocrx_word' id='word_1_87' title='bbox 636 855 692 861; x_wconf 93' lang='lat'>—</span> <span class='ocrx_word' id='word_1_88' title='bbox 723 829 786 888; x_wconf 90' lang='grc' dir='ltr'><strong><em>ΙΙ]</em></strong></span> <span class='ocrx_word' id='word_1_89' title='bbox 821 829 1002 874; x_wconf 84' lang='lat' dir='ltr'><strong>omittit</strong></span> <span class='ocrx_word' id='word_1_90' title='bbox 1031 830 1098 884; x_wconf 87' lang='lat' dir='ltr'><strong><em>H,</em></strong></span> <span class='ocrx_word' id='word_1_91' title='bbox 1136 830 1282 874; x_wconf 83' lang='lat' dir='ltr'><strong>habet</strong></span> <span class='ocrx_word' id='word_1_92' title='bbox 1315 830 1362 873; x_wconf 89' lang='lat' dir='ltr'><em>P</em></span> <span class='ocrx_word' id='word_1_93' title='bbox 1396 831 1699 887; x_wconf 79' lang='grc' dir='ltr'><strong><em>(σταφυλίνου</em></strong></span> <span class='ocrx_word' id='word_1_94' title='bbox 1731 838 1784 886; x_wconf 69' lang='lat' dir='ltr'><strong><em>ys)</em></strong></span> <span class='ocrx_word' id='word_1_95' title='bbox 1823 828 1907 904; x_wconf 85' lang='grc' dir='ltr'><strong><em>β’).</em></strong></span> 
     </span>
    </p>

    <p class='ocr_par' dir='ltr' id='par_1_6' title="bbox 221 884 1903 1124">
     <span class='ocr_line' id='line_1_13' title="bbox 341 884 1897 947; baseline 0 -14"><span class='ocrx_word' id='word_1_96' title='bbox 341 887 625 934; x_wconf 75' lang='lat' dir='ltr'><strong>sextarios</strong></span> <span class='ocrx_word' id='word_1_97' title='bbox 673 886 934 945; x_wconf 87' lang='lat' dir='ltr'><strong><em>singulos</em></strong></span> <span class='ocrx_word' id='word_1_98' title='bbox 982 888 1166 947; x_wconf 79' lang='lat' dir='ltr'>dabis]</span> <span class='ocrx_word' id='word_1_99' title='bbox 1209 884 1261 933; x_wconf 79' lang='grc' dir='ltr'><strong><em>ἐκ</em></strong></span> <span class='ocrx_word' id='word_1_100' title='bbox 1306 888 1481 933; x_wconf 84' lang='grc' dir='ltr'><strong><em>τούτων</em></strong></span> <span class='ocrx_word' id='word_1_101' title='bbox 1536 888 1725 933; x_wconf 78' lang='grc' dir='ltr'><strong><em>πάντων</em></strong></span> <span class='ocrx_word' id='word_1_102' title='bbox 1779 887 1897 933; x_wconf 76' lang='grc' dir='ltr'><strong><em>καθ’</em></strong></span> 
     </span>
     <span class='ocr_line' id='line_1_14' title="bbox 222 943 1903 1080; baseline -0.001 -28"><span class='ocrx_word' id='word_1_103' title='bbox 222 943 433 1080; x_wconf 52' lang='grc' dir='ltr'>ε”άσῗέᾗ</span> <span class='ocrx_word' id='word_1_104' title='bbox 453 943 1565 1079; x_wconf 46' lang='grc' dir='ltr'><strong><em>Ἥυίιῗζιῖἱλῗέῗρῖηὲἔεῖξςμῗᾶὸῗνὶἒῖωὲτέῗρ</em></strong></span> <span class='ocrx_word' id='word_1_105' title='bbox 1605 1008 1784 1063; x_wconf 56' lang='grc' dir='ltr'><strong><em>..εγω</em></strong></span> <span class='ocrx_word' id='word_1_106' title='bbox 1824 1007 1903 1051; x_wconf 65' lang='grc' dir='ltr'><strong><em>..αι</em></strong></span> 
     </span>
     <span class='ocr_line' id='line_1_15' title="bbox 221 1063 1279 1132; baseline 0 -22"><span class='ocrx_word' id='word_1_107' title='bbox 221 1066 483 1123; x_wconf 80' lang='grc' dir='ltr'><strong><em>ἀκρονάρια</em></strong></span> <span class='ocrx_word' id='word_1_108' title='bbox 514 1063 771 1132; x_wconf 80' lang='grc' dir='ltr'><strong><em>προβατεια</em></strong></span> <span class='ocrx_word' id='word_1_109' title='bbox 794 1068 887 1109; x_wconf 86' lang='grc' dir='ltr'><strong><em>κτλ,</em></strong></span> <span class='ocrx_word' id='word_1_110' title='bbox 951 1066 1013 1108; x_wconf 89' lang='grc' dir='ltr'><strong>Μ</strong></span> <span class='ocrx_word' id='word_1_111' title='bbox 1033 1070 1117 1110; x_wconf 88' lang='grc'><strong><em>109</em></strong></span> <span class='ocrx_word' id='word_1_112' title='bbox 1142 1063 1279 1124; x_wconf 62' lang='grc' dir='ltr'><strong><em>ψργ’.</em></strong></span> 
     </span>
    </p>

    <p class='ocr_par' dir='ltr' id='par_1_7' title="bbox 219 1123 1902 1238">
     <span class='ocr_line' id='line_1_16' title="bbox 339 1123 1902 1182; baseline 0.001 -14"><span class='ocrx_word' id='word_1_113' title='bbox 339 1123 664 1181; x_wconf 82' lang='lat' dir='ltr'><strong><em>aptissima]</em></strong></span> <span class='ocrx_word' id='word_1_114' title='bbox 708 1123 1000 1180; x_wconf 84' lang='lat' dir='ltr'><strong>intellegitur</strong></span> <span class='ocrx_word' id='word_1_115' title='bbox 1043 1125 1202 1182; x_wconf 85' lang='lat' dir='ltr'><strong>poti0,</strong></span> <span class='ocrx_word' id='word_1_116' title='bbox 1247 1128 1332 1169; x_wconf 85' lang='lat'><strong><em>209</em></strong></span> <span class='ocrx_word' id='word_1_117' title='bbox 1375 1125 1484 1170; x_wconf 78' lang='lat' dir='ltr'><strong><em>huic</em></strong></span> <span class='ocrx_word' id='word_1_118' title='bbox 1521 1125 1735 1181; x_wconf 75' lang='lat' dir='ltr'><strong><em>passioni</em></strong></span> <span class='ocrx_word' id='word_1_119' title='bbox 1770 1126 1902 1181; x_wconf 78' lang='lat' dir='ltr'><strong>potio</strong></span> 
     </span>
     <span class='ocr_line' id='line_1_17' title="bbox 219 1184 726 1238; baseline -0.008 -9"><span class='ocrx_word' id='word_1_120' title='bbox 219 1185 327 1229; x_wconf 81' lang='lat' dir='ltr'><strong><em>haee</em></strong></span> <span class='ocrx_word' id='word_1_121' title='bbox 357 1185 443 1228; x_wconf 81' lang='lat' dir='ltr'><strong><em>erit</em></strong></span> <span class='ocrx_word' id='word_1_122' title='bbox 473 1184 726 1238; x_wconf 78' lang='lat' dir='ltr'><strong><em>aptissima.</em></strong></span> 
     </span>
    </p>

    <p class='ocr_par' dir='ltr' id='par_1_8' title="bbox 210 1239 1906 2123">
     <span class='ocr_line' id='line_1_18' title="bbox 338 1239 1901 1299; baseline -0.001 -13"><span class='ocrx_word' id='word_1_123' title='bbox 338 1241 434 1298; x_wconf 84' lang='lat' dir='ltr'><strong><em>Cap</em></strong></span> <span class='ocrx_word' id='word_1_124' title='bbox 403 1257 447 1298; x_wconf 91' lang='lat' dir='ltr'><strong><em>p.</em></strong></span> <span class='ocrx_word' id='word_1_125' title='bbox 491 1242 568 1285; x_wconf 85' lang='lat' dir='ltr'><strong><em>XI.</em></strong></span> <span class='ocrx_word' id='word_1_126' title='bbox 634 1239 895 1299; x_wconf 82' lang='lat' dir='ltr'><strong>flemina]</strong></span> <span class='ocrx_word' id='word_1_127' title='bbox 951 1253 1098 1298; x_wconf 83' lang='lat' dir='ltr'><strong>genus</strong></span> <span class='ocrx_word' id='word_1_128' title='bbox 1148 1240 1346 1286; x_wconf 84' lang='lat' dir='ltr'><strong>tumoris</strong></span> <span class='ocrx_word' id='word_1_129' title='bbox 1399 1242 1476 1286; x_wconf 84' lang='lat' dir='ltr'><strong><em>vel</em></strong></span> <span class='ocrx_word' id='word_1_130' title='bbox 1517 1241 1901 1286; x_wconf 82' lang='lat' dir='ltr'><strong>inflammationis</strong></span> 
     </span>
     <span class='ocr_line' id='line_1_19' title="bbox 219 1299 1905 1358; baseline 0.001 -13"><span class='ocrx_word' id='word_1_131' title='bbox 219 1301 452 1358; x_wconf 80' lang='lat' dir='ltr'><strong><em>significat</em></strong></span> <span class='ocrx_word' id='word_1_132' title='bbox 482 1300 684 1358; x_wconf 79' lang='grc' dir='ltr'><strong><em>(φλέγω).</em></strong></span> <span class='ocrx_word' id='word_1_133' title='bbox 745 1299 919 1343; x_wconf 87' lang='lat' dir='ltr'>Paulus</span> <span class='ocrx_word' id='word_1_134' title='bbox 950 1314 1007 1344; x_wconf 84' lang='lat' dir='ltr'><strong><em>ex</em></strong></span> <span class='ocrx_word' id='word_1_135' title='bbox 1038 1301 1240 1357; x_wconf 86' lang='lat' dir='ltr'><strong>Festop</strong></span> <span class='ocrx_word' id='word_1_136' title='bbox 1245 1306 1337 1346; x_wconf 83' lang='grc'><strong><em>,89</em></strong></span> <span class='ocrx_word' id='word_1_137' title='bbox 1361 1300 1422 1346; x_wconf 89' lang='grc' dir='ltr'><strong><em>Μ.</em></strong></span> <span class='ocrx_word' id='word_1_138' title='bbox 1455 1302 1641 1356; x_wconf 77' lang='lat' dir='ltr'><strong><em>flemina</em></strong></span> <span class='ocrx_word' id='word_1_139' title='bbox 1685 1302 1905 1346; x_wconf 78' lang='lat' dir='ltr'><strong><em>dicuntur</em></strong></span> 
     </span>
     <span class='ocr_line' id='line_1_20' title="bbox 219 1316 1902 1417; baseline -0.001 -12"><span class='ocrx_word' id='word_1_140' title='bbox 219 1374 320 1405; x_wconf 84' lang='lat' dir='ltr'><strong><em>eum</em></strong></span> <span class='ocrx_word' id='word_1_141' title='bbox 344 1373 399 1404; x_wconf 76' lang='lat' dir='ltr'><strong><em>ex</em></strong></span> <span class='ocrx_word' id='word_1_142' title='bbox 438 1360 591 1405; x_wconf 84' lang='lat' dir='ltr'><strong><em>labore</em></strong></span> <span class='ocrx_word' id='word_1_143' title='bbox 627 1360 730 1404; x_wconf 82' lang='lat' dir='ltr'><strong><em>viae</em></strong></span> <span class='ocrx_word' id='word_1_144' title='bbox 765 1360 958 1417; x_wconf 70' lang='lat' dir='ltr'><strong><em>sanquis</em></strong></span> <span class='ocrx_word' id='word_1_145' title='bbox 996 1359 1146 1415; x_wconf 75' lang='lat' dir='ltr'><em>effluit</em></span> <span class='ocrx_word' id='word_1_146' title='bbox 1182 1316 1308 1405; x_wconf 59' lang='lat' dir='ltr'><strong><em>cirea</em></strong></span> <span class='ocrx_word' id='word_1_147' title='bbox 1338 1361 1479 1415; x_wconf 85' lang='lat' dir='ltr'><strong><em>talos,</em></strong></span> <span class='ocrx_word' id='word_1_148' title='bbox 1516 1359 1634 1404; x_wconf 91' lang='lat' dir='ltr'><strong>Plin.</strong></span> <span class='ocrx_word' id='word_1_149' title='bbox 1669 1358 1822 1403; x_wconf 92' lang='lat' dir='ltr'>XXIII</span> <span class='ocrx_word' id='word_1_150' title='bbox 1845 1364 1902 1404; x_wconf 83' lang='lat'><strong><em>28</em></strong></span> 
     </span>
     <span class='ocr_line' id='line_1_21' title="bbox 221 1393 1903 1486; baseline 0 -24"><span class='ocrx_word' id='word_1_151' title='bbox 221 1419 347 1475; x_wconf 88' lang='lat' dir='ltr'>(vitis</span> <span class='ocrx_word' id='word_1_152' title='bbox 378 1418 532 1476; x_wconf 85' lang='lat' dir='ltr'><strong>nigra)</strong></span> <span class='ocrx_word' id='word_1_153' title='bbox 563 1419 615 1462; x_wconf 78' lang='lat' dir='ltr'><strong><em>in</em></strong></span> <span class='ocrx_word' id='word_1_154' title='bbox 645 1419 844 1463; x_wconf 79' lang='lat' dir='ltr'><strong><em>iumento</em></strong></span> <span class='ocrx_word' id='word_1_155' title='bbox 875 1419 1136 1476; x_wconf 74' lang='lat' dir='ltr'><em>homineque</em></span> <span class='ocrx_word' id='word_1_156' title='bbox 1167 1420 1352 1475; x_wconf 78' lang='lat' dir='ltr'><strong><em>flemina</em></strong></span> <span class='ocrx_word' id='word_1_157' title='bbox 1393 1393 1479 1463; x_wconf 58' lang='lat' dir='ltr'><strong><em>aut,</em></strong></span> <span class='ocrx_word' id='word_1_158' title='bbox 1514 1419 1784 1486; x_wconf 73' lang='lat' dir='ltr'><em>sanquinem</em></span> <span class='ocrx_word' id='word_1_159' title='bbox 1821 1419 1903 1475; x_wconf 77' lang='lat' dir='ltr'><strong><em>qui</em></strong></span> 
     </span>
     <span class='ocr_line' id='line_1_22' title="bbox 219 1476 1904 1543; baseline -0.001 -20"><span class='ocrx_word' id='word_1_160' title='bbox 219 1491 264 1523; x_wconf 85' lang='lat' dir='ltr'><strong><em>se</em></strong></span> <span class='ocrx_word' id='word_1_161' title='bbox 295 1478 358 1523; x_wconf 84' lang='lat' dir='ltr'><strong><em>ad</em></strong></span> <span class='ocrx_word' id='word_1_162' title='bbox 395 1479 512 1523; x_wconf 81' lang='lat' dir='ltr'><strong><em>talos</em></strong></span> <span class='ocrx_word' id='word_1_163' title='bbox 542 1477 750 1522; x_wconf 80' lang='lat' dir='ltr'><strong>deiecerit</strong></span> <span class='ocrx_word' id='word_1_164' title='bbox 786 1478 1108 1534; x_wconf 78' lang='lat' dir='ltr'><strong><em>circumliyata</em></strong></span> <span class='ocrx_word' id='word_1_165' title='bbox 1146 1483 1294 1523; x_wconf 81' lang='lat' dir='ltr'><strong>sanat.</strong></span> <span class='ocrx_word' id='word_1_166' title='bbox 1357 1476 1675 1543; x_wconf 80' lang='lat' dir='ltr'>copiosissime</span> <span class='ocrx_word' id='word_1_167' title='bbox 1715 1478 1771 1522; x_wconf 84' lang='lat' dir='ltr'><strong><em>de</em></strong></span> <span class='ocrx_word' id='word_1_168' title='bbox 1813 1477 1904 1521; x_wconf 85' lang='lat' dir='ltr'><strong><em>hoo</em></strong></span> 
     </span>
     <span class='ocr_line' id='line_1_23' title="bbox 221 1534 1903 1594; baseline 0 -14"><span class='ocrx_word' id='word_1_169' title='bbox 221 1536 450 1581; x_wconf 80' lang='lat' dir='ltr'><strong><em>vocabulo</em></strong></span> <span class='ocrx_word' id='word_1_170' title='bbox 483 1535 743 1593; x_wconf 80' lang='lat' dir='ltr'><strong>disputavit</strong></span> <span class='ocrx_word' id='word_1_171' title='bbox 767 1534 958 1580; x_wconf 83' lang='lat' dir='ltr'><strong>Carolus</strong></span> <span class='ocrx_word' id='word_1_172' title='bbox 993 1536 1162 1594; x_wconf 82' lang='lat' dir='ltr'><strong>Georg.</strong></span> <span class='ocrx_word' id='word_1_173' title='bbox 1189 1536 1383 1581; x_wconf 79' lang='lat' dir='ltr'><strong><em>Brandis</em></strong></span> <span class='ocrx_word' id='word_1_174' title='bbox 1415 1536 1472 1581; x_wconf 84' lang='lat' dir='ltr'><strong><em>de</em></strong></span> <span class='ocrx_word' id='word_1_175' title='bbox 1505 1534 1792 1593; x_wconf 80' lang='lat' dir='ltr'><strong><em>aspiratione</em></strong></span> <span class='ocrx_word' id='word_1_176' title='bbox 1817 1535 1903 1581; x_wconf 84' lang='lat' dir='ltr'><strong>lat.</strong></span> 
     </span>
     <span class='ocr_line' id='line_1_24' title="bbox 219 1593 1901 1652; baseline -0.001 -13"><span class='ocrx_word' id='word_1_177' title='bbox 219 1596 345 1651; x_wconf 86' lang='lat' dir='ltr'><strong>(diss.</strong></span> <span class='ocrx_word' id='word_1_178' title='bbox 381 1596 524 1639; x_wconf 93' lang='lat' dir='ltr'><strong>Bonn.</strong></span> <span class='ocrx_word' id='word_1_179' title='bbox 561 1596 692 1647; x_wconf 91' lang='grc'>1881)</span> <span class='ocrx_word' id='word_1_180' title='bbox 727 1609 775 1651; x_wconf 90' lang='lat' dir='ltr'><strong><em>p.</em></strong></span> <span class='ocrx_word' id='word_1_181' title='bbox 800 1599 976 1640; x_wconf 82' lang='lat'>43—46</span> <span class='ocrx_word' id='word_1_182' title='bbox 1019 1595 1096 1639; x_wconf 87' lang='lat' dir='ltr'><strong><em>de</em></strong></span> <span class='ocrx_word' id='word_1_183' title='bbox 1130 1596 1336 1652; x_wconf 74' lang='lat' dir='ltr'><strong><em>plemina</em></strong></span> <span class='ocrx_word' id='word_1_184' title='bbox 1375 1597 1423 1640; x_wconf 80' lang='lat' dir='ltr'><strong><em>et</em></strong></span> <span class='ocrx_word' id='word_1_185' title='bbox 1459 1596 1646 1652; x_wconf 75' lang='lat' dir='ltr'><strong><em>flemina</em></strong></span> <span class='ocrx_word' id='word_1_186' title='bbox 1683 1593 1901 1651; x_wconf 84' lang='lat' dir='ltr'><strong><em>voculis&#39;,</em></strong></span> 
     </span>
     <span class='ocr_line' id='line_1_25' title="bbox 221 1652 1901 1710; baseline 0 -12"><span class='ocrx_word' id='word_1_187' title='bbox 221 1654 396 1699; x_wconf 81' lang='lat' dir='ltr'><strong><em>addens</em></strong></span> <span class='ocrx_word' id='word_1_188' title='bbox 436 1654 486 1697; x_wconf 93' lang='lat' dir='ltr'><strong><em>in</em></strong></span> <span class='ocrx_word' id='word_1_189' title='bbox 524 1652 687 1710; x_wconf 88' lang='lat' dir='ltr'><strong>primis</strong></span> <span class='ocrx_word' id='word_1_190' title='bbox 727 1653 864 1709; x_wconf 84' lang='lat' dir='ltr'><strong>Capri</strong></span> <span class='ocrx_word' id='word_1_191' title='bbox 904 1653 1228 1699; x_wconf 85' lang='lat' dir='ltr'><strong>testimonium</strong></span> <span class='ocrx_word' id='word_1_192' title='bbox 1259 1654 1514 1698; x_wconf 81' lang='lat' dir='ltr'><strong>Grammat.</strong></span> <span class='ocrx_word' id='word_1_193' title='bbox 1540 1654 1643 1698; x_wconf 82' lang='lat' dir='ltr'><strong>Lat.</strong></span> <span class='ocrx_word' id='word_1_194' title='bbox 1668 1653 1754 1698; x_wconf 92' lang='lat' dir='ltr'><strong><em>VII</em></strong></span> <span class='ocrx_word' id='word_1_195' title='bbox 1777 1658 1848 1709; x_wconf 89' lang='grc'><strong><em>99,</em></strong></span> <span class='ocrx_word' id='word_1_196' title='bbox 1874 1658 1901 1698; x_wconf 89' lang='lat'>9</span> 
     </span>
     <span class='ocr_line' id='line_1_26' title="bbox 218 1712 1902 1788; baseline -0.001 -30"><span class='ocrx_word' id='word_1_197' title='bbox 218 1715 403 1769; x_wconf 76' lang='lat' dir='ltr'><strong><em>flemina</em></strong></span> <span class='ocrx_word' id='word_1_198' title='bbox 425 1717 534 1758; x_wconf 82' lang='lat' dir='ltr'><strong><em>sunt</em></strong></span> <span class='ocrx_word' id='word_1_199' title='bbox 554 1713 637 1757; x_wconf 81' lang='lat' dir='ltr'><strong><em>ubi</em></strong></span> <span class='ocrx_word' id='word_1_200' title='bbox 659 1713 902 1758; x_wconf 82' lang='lat' dir='ltr'><em>abundant</em></span> <span class='ocrx_word' id='word_1_201' title='bbox 931 1720 1072 1758; x_wconf 75' lang='lat' dir='ltr'><strong><em>crura</em></strong></span> <span class='ocrx_word' id='word_1_202' title='bbox 1101 1715 1326 1787; x_wconf 69' lang='lat' dir='ltr'><strong><em>sanquine</em></strong></span> <span class='ocrx_word' id='word_1_203' title='bbox 1356 1728 1395 1759; x_wconf 83' lang='lat' dir='ltr'><strong><em>e.</em></strong></span> <span class='ocrx_word' id='word_1_204' title='bbox 1422 1728 1466 1770; x_wconf 89' lang='lat' dir='ltr'><strong><em>q.</em></strong></span> <span class='ocrx_word' id='word_1_205' title='bbox 1489 1727 1522 1756; x_wconf 90' lang='lat' dir='ltr'><strong>s.</strong></span> <span class='ocrx_word' id='word_1_206' title='bbox 1578 1725 1745 1788; x_wconf 83' lang='lat' dir='ltr'>graece</span> <span class='ocrx_word' id='word_1_207' title='bbox 1769 1712 1902 1756; x_wconf 84' lang='lat' dir='ltr'><strong>varie</strong></span> 
     </span>
     <span class='ocr_line' id='line_1_27' title="bbox 219 1768 1901 1845; baseline -0.001 -28"><span class='ocrx_word' id='word_1_208' title='bbox 219 1771 451 1817; x_wconf 76' lang='lat' dir='ltr'>scribitur.</span> <span class='ocrx_word' id='word_1_209' title='bbox 513 1772 571 1816; x_wconf 88' lang='lat' dir='ltr'><strong><em>H</em></strong></span> <span class='ocrx_word' id='word_1_210' title='bbox 596 1786 640 1827; x_wconf 93' lang='lat' dir='ltr'><strong>p.</strong></span> <span class='ocrx_word' id='word_1_211' title='bbox 669 1775 754 1816; x_wconf 87' lang='grc'>160</span> <span class='ocrx_word' id='word_1_212' title='bbox 798 1771 1132 1827; x_wconf 75' lang='lat' dir='ltr'><strong><em>interpretatur</em></strong></span> <span class='ocrx_word' id='word_1_213' title='bbox 1169 1771 1228 1816; x_wconf 79' lang='grc' dir='ltr'><strong><em>τὰ</em></strong></span> <span class='ocrx_word' id='word_1_214' title='bbox 1260 1769 1311 1817; x_wconf 82' lang='grc' dir='ltr'><strong><em>ἐν</em></strong></span> <span class='ocrx_word' id='word_1_215' title='bbox 1343 1776 1439 1823; x_wconf 79' lang='grc' dir='ltr'><strong><em>τοῖς</em></strong></span> <span class='ocrx_word' id='word_1_216' title='bbox 1470 1769 1647 1816; x_wconf 81' lang='grc' dir='ltr'><strong><em>σκέλεσι</em></strong></span> <span class='ocrx_word' id='word_1_217' title='bbox 1679 1768 1901 1845; x_wconf 87' lang='grc' dir='ltr'><strong><em>ῥεύματα,</em></strong></span> 
     </span>
     <span class='ocr_line' id='line_1_28' title="bbox 218 1827 1901 1903; baseline -0.001 -28"><span class='ocrx_word' id='word_1_218' title='bbox 218 1832 447 1888; x_wconf 81' lang='lat' dir='ltr'><strong><em>Apsyrtus</em></strong></span> <span class='ocrx_word' id='word_1_219' title='bbox 471 1846 516 1887; x_wconf 89' lang='lat' dir='ltr'><strong>p.</strong></span> <span class='ocrx_word' id='word_1_220' title='bbox 545 1835 627 1875; x_wconf 88' lang='lat'><strong><em>156</em></strong></span> <span class='ocrx_word' id='word_1_221' title='bbox 661 1827 867 1903; x_wconf 86' lang='grc' dir='ltr'><strong><em>ῥεύματα</em></strong></span> <span class='ocrx_word' id='word_1_222' title='bbox 899 1830 966 1882; x_wconf 84' lang='grc' dir='ltr'><strong><em>εἰς</em></strong></span> <span class='ocrx_word' id='word_1_223' title='bbox 998 1830 1056 1875; x_wconf 83' lang='grc' dir='ltr'><strong><em>τὰ</em></strong></span> <span class='ocrx_word' id='word_1_224' title='bbox 1087 1830 1263 1888; x_wconf 82' lang='grc' dir='ltr'><strong><em>γόνατα</em></strong></span> <span class='ocrx_word' id='word_1_225' title='bbox 1303 1827 1590 1888; x_wconf 77' lang='grc' dir='ltr'><strong><em>ἐμπίπτοντα</em></strong></span> <span class='ocrx_word' id='word_1_226' title='bbox 1629 1830 1770 1874; x_wconf 79' lang='grc' dir='ltr'><strong><em>ἅτινα</em></strong></span> <span class='ocrx_word' id='word_1_227' title='bbox 1793 1828 1901 1874; x_wconf 85' lang='grc' dir='ltr'><strong><em>Ρω-</em></strong></span> 
     </span>
     <span class='ocr_line' id='line_1_29' title="bbox 219 1887 1902 1963; baseline -0.001 -29"><span class='ocrx_word' id='word_1_228' title='bbox 219 1889 375 1946; x_wconf 85' lang='grc' dir='ltr'><strong><em>μαϊστὶ</em></strong></span> <span class='ocrx_word' id='word_1_229' title='bbox 413 1887 600 1963; x_wconf 79' lang='grc' dir='ltr'><strong><em>λέγεται</em></strong></span> <span class='ocrx_word' id='word_1_230' title='bbox 635 1887 865 1946; x_wconf 84' lang='grc' dir='ltr'><strong><em>φλιμέλια.</em></strong></span> <span class='ocrx_word' id='word_1_231' title='bbox 920 1892 968 1934; x_wconf 90' lang='lat' dir='ltr'><strong><em>in</em></strong></span> <span class='ocrx_word' id='word_1_232' title='bbox 995 1891 1051 1933; x_wconf 88' lang='lat' dir='ltr'><em>H</em></span> <span class='ocrx_word' id='word_1_233' title='bbox 1071 1894 1151 1933; x_wconf 90' lang='grc'><strong><em>161</em></strong></span> <span class='ocrx_word' id='word_1_234' title='bbox 1180 1891 1252 1934; x_wconf 87' lang='lat' dir='ltr'><strong><em>est</em></strong></span> <span class='ocrx_word' id='word_1_235' title='bbox 1280 1890 1396 1947; x_wconf 85' lang='grc' dir='ltr'><strong><em>πρὸς</em></strong></span> <span class='ocrx_word' id='word_1_236' title='bbox 1426 1889 1602 1946; x_wconf 82' lang='grc' dir='ltr'><strong><em>νεαρὰν</em></strong></span> <span class='ocrx_word' id='word_1_237' title='bbox 1627 1890 1902 1946; x_wconf 79' lang='grc' dir='ltr'><strong><em>φλεγμίναν,</em></strong></span> 
     </span>
     <span class='ocr_line' id='line_1_30' title="bbox 215 1946 1906 2006; baseline -0.001 -14"><span class='ocrx_word' id='word_1_238' title='bbox 215 1949 332 2006; x_wconf 91' lang='grc' dir='ltr'><strong><em>πρὸς</em></strong></span> <span class='ocrx_word' id='word_1_239' title='bbox 363 1946 639 2005; x_wconf 79' lang='grc' dir='ltr'><strong><em>φλεγμονάς,</em></strong></span> <span class='ocrx_word' id='word_1_240' title='bbox 676 1954 757 1992; x_wconf 82' lang='grc'><strong><em>162</em></strong></span> <span class='ocrx_word' id='word_1_241' title='bbox 789 1947 899 1992; x_wconf 89' lang='grc' dir='ltr'><strong><em>αλλο</em></strong></span> <span class='ocrx_word' id='word_1_242' title='bbox 932 1947 1046 1993; x_wconf 78' lang='grc' dir='ltr'><strong><em>ὥστε</em></strong></span> <span class='ocrx_word' id='word_1_243' title='bbox 1078 1950 1337 2006; x_wconf 79' lang='grc' dir='ltr'><strong><em>φλεγμίναν</em></strong></span> <span class='ocrx_word' id='word_1_244' title='bbox 1370 1950 1617 2005; x_wconf 84' lang='grc' dir='ltr'><strong><em>(φλεμίναν</em></strong></span> <span class='ocrx_word' id='word_1_245' title='bbox 1653 1949 1732 2005; x_wconf 89' lang='lat' dir='ltr'><strong><em>P),</em></strong></span> <span class='ocrx_word' id='word_1_246' title='bbox 1763 1948 1814 1991; x_wconf 92' lang='lat' dir='ltr'><strong><em>in</em></strong></span> <span class='ocrx_word' id='word_1_247' title='bbox 1844 1948 1906 1992; x_wconf 90' lang='lat' dir='ltr'><strong><em>M</em></strong></span> 
     </span>
     <span class='ocr_line' id='line_1_31' title="bbox 217 2005 1899 2065; baseline -0.001 -13"><span class='ocrx_word' id='word_1_248' title='bbox 217 2023 261 2064; x_wconf 90' lang='lat' dir='ltr'><strong>p.</strong></span> <span class='ocrx_word' id='word_1_249' title='bbox 288 2011 345 2052; x_wconf 91' lang='lat'><strong><em>30</em></strong></span> <span class='ocrx_word' id='word_1_250' title='bbox 370 2021 464 2064; x_wconf 86' lang='lat' dir='ltr'><strong>seq.</strong></span> <span class='ocrx_word' id='word_1_251' title='bbox 505 2010 785 2064; x_wconf 80' lang='grc' dir='ltr'><strong><em>φλεγμῖναν,</em></strong></span> <span class='ocrx_word' id='word_1_252' title='bbox 827 2009 1056 2064; x_wconf 80' lang='grc' dir='ltr'><strong><em>φλεγμῖνα</em></strong></span> <span class='ocrx_word' id='word_1_253' title='bbox 1103 2009 1318 2065; x_wconf 40' lang='grc' dir='ltr'><strong><em>(ειοοιιεη)</em></strong></span> <span class='ocrx_word' id='word_1_254' title='bbox 1366 2007 1638 2064; x_wconf 77' lang='grc' dir='ltr'><strong><em>φλεγμοναί.</em></strong></span> <span class='ocrx_word' id='word_1_255' title='bbox 1710 2005 1899 2052; x_wconf 75' lang='lat' dir='ltr'><strong><em>dativus</em></strong></span> 
     </span>
     <span class='ocr_line' id='line_1_32' title="bbox 210 2066 824 2123; baseline -0.003 -11"><span class='ocrx_word' id='word_1_256' title='bbox 210 2067 472 2123; x_wconf 70' lang='lat' dir='ltr'><strong><em>phleymoni</em></strong></span> <span class='ocrx_word' id='word_1_257' title='bbox 501 2066 729 2110; x_wconf 86' lang='grc' dir='ltr'>Ρ1111.ΧΧ</span> <span class='ocrx_word' id='word_1_258' title='bbox 754 2070 824 2110; x_wconf 84' lang='lat'><strong><em>24.</em></strong></span> 
     </span>
    </p>

    <p class='ocr_par' dir='ltr' id='par_1_9' title="bbox 214 2119 1901 2476">
     <span class='ocr_line' id='line_1_33' title="bbox 336 2119 1896 2199; baseline -0.001 -29"><span class='ocrx_word' id='word_1_259' title='bbox 336 2125 431 2170; x_wconf 78' lang='lat'><strong><em>193</em></strong></span> <span class='ocrx_word' id='word_1_260' title='bbox 469 2124 526 2168; x_wconf 90' lang='lat' dir='ltr'><em>H</em></span> <span class='ocrx_word' id='word_1_261' title='bbox 545 2128 630 2168; x_wconf 87' lang='lat'><strong><em>160</em></strong></span> <span class='ocrx_word' id='word_1_262' title='bbox 676 2123 964 2199; x_wconf 77' lang='lat' dir='ltr'><strong><em>praescripto</em></strong></span> <span class='ocrx_word' id='word_1_263' title='bbox 1003 2123 1188 2169; x_wconf 82' lang='lat' dir='ltr'><strong>Eumeli</strong></span> <span class='ocrx_word' id='word_1_264' title='bbox 1225 2125 1412 2170; x_wconf 85' lang='lat' dir='ltr'><strong>nomine</strong></span> <span class='ocrx_word' id='word_1_265' title='bbox 1450 2124 1565 2182; x_wconf 86' lang='grc' dir='ltr'><strong><em>πρὸς</em></strong></span> <span class='ocrx_word' id='word_1_266' title='bbox 1602 2124 1661 2168; x_wconf 82' lang='grc' dir='ltr'><strong><em>τὰ</em></strong></span> <span class='ocrx_word' id='word_1_267' title='bbox 1707 2119 1758 2168; x_wconf 79' lang='grc' dir='ltr'><strong><em>ἐν</em></strong></span> <span class='ocrx_word' id='word_1_268' title='bbox 1797 2128 1896 2175; x_wconf 79' lang='grc' dir='ltr'><strong><em>τοῖς</em></strong></span> 
     </span>
     <span class='ocr_line' id='line_1_34' title="bbox 217 2180 1899 2241; baseline -0.002 -12"><span class='ocrx_word' id='word_1_269' title='bbox 217 2186 331 2241; x_wconf 77' lang='grc' dir='ltr'><strong><em>(τοῖς</em></strong></span> <span class='ocrx_word' id='word_1_270' title='bbox 362 2183 513 2229; x_wconf 87' lang='lat' dir='ltr'><strong>omitt.</strong></span> <span class='ocrx_word' id='word_1_271' title='bbox 547 2184 609 2240; x_wconf 88' lang='lat' dir='ltr'><strong><em>P)</em></strong></span> <span class='ocrx_word' id='word_1_272' title='bbox 640 2181 817 2228; x_wconf 81' lang='grc' dir='ltr'><strong><em>σκέλεσι</em></strong></span> <span class='ocrx_word' id='word_1_273' title='bbox 849 2180 1068 2241; x_wconf 89' lang='grc' dir='ltr'><strong><em>ῥεύματα.</em></strong></span> <span class='ocrx_word' id='word_1_274' title='bbox 1117 2185 1200 2229; x_wconf 79' lang='grc' dir='ltr'><strong><em>δεῖ</em></strong></span> <span class='ocrx_word' id='word_1_275' title='bbox 1221 2200 1280 2228; x_wconf 92' lang='grc' dir='ltr'><strong><em>τα</em></strong></span> <span class='ocrx_word' id='word_1_276' title='bbox 1303 2190 1498 2227; x_wconf 80' lang='grc' dir='ltr'><strong><em>τοιαῦτα</em></strong></span> <span class='ocrx_word' id='word_1_277' title='bbox 1520 2182 1657 2240; x_wconf 75' lang='grc' dir='ltr'><strong><em>παθη</em></strong></span> <span class='ocrx_word' id='word_1_278' title='bbox 1682 2199 1899 2240; x_wconf 88' lang='grc' dir='ltr'><strong><em>πεπυρω-</em></strong></span> 
     </span>
     <span class='ocr_line' id='line_1_35' title="bbox 216 2240 1900 2318; baseline -0.001 -32"><span class='ocrx_word' id='word_1_279' title='bbox 216 2242 339 2318; x_wconf 80' lang='grc' dir='ltr'><strong><em>μένῳ</em></strong></span> <span class='ocrx_word' id='word_1_280' title='bbox 386 2240 559 2318; x_wconf 80' lang='grc' dir='ltr'><strong><em>σιδήρῳ</em></strong></span> <span class='ocrx_word' id='word_1_281' title='bbox 601 2243 798 2287; x_wconf 88' lang='grc' dir='ltr'><strong><em>καιόντα</em></strong></span> <span class='ocrx_word' id='word_1_282' title='bbox 840 2242 1142 2317; x_wconf 81' lang='grc' dir='ltr'><strong><em>θεραπεύειν.</em></strong></span> <span class='ocrx_word' id='word_1_283' title='bbox 1219 2259 1277 2286; x_wconf 93' lang='grc' dir='ltr'><strong><em>τα</em></strong></span> <span class='ocrx_word' id='word_1_284' title='bbox 1315 2242 1368 2287; x_wconf 79' lang='grc' dir='ltr'><strong><em>δὲ</em></strong></span> <span class='ocrx_word' id='word_1_285' title='bbox 1408 2242 1501 2286; x_wconf 79' lang='grc' dir='ltr'><strong><em>ἀπὸ</em></strong></span> <span class='ocrx_word' id='word_1_286' title='bbox 1547 2248 1629 2286; x_wconf 83' lang='grc' dir='ltr'><strong><em>τοῦ</em></strong></span> <span class='ocrx_word' id='word_1_287' title='bbox 1668 2247 1900 2298; x_wconf 80' lang='grc' dir='ltr'><strong><em>καυτῆρος</em></strong></span> 
     </span>
     <span class='ocr_line' id='line_1_36' title="bbox 215 2297 1901 2376; baseline -0.001 -31"><span class='ocrx_word' id='word_1_288' title='bbox 215 2301 457 2358; x_wconf 90' lang='grc' dir='ltr'><strong><em>τραύματα</em></strong></span> <span class='ocrx_word' id='word_1_289' title='bbox 493 2300 699 2357; x_wconf 81' lang='grc' dir='ltr'><strong><em>ὑγιάσεις</em></strong></span> <span class='ocrx_word' id='word_1_290' title='bbox 737 2303 964 2358; x_wconf 75' lang='grc' dir='ltr'><strong><em>σπογγιὰν</em></strong></span> <span class='ocrx_word' id='word_1_291' title='bbox 1003 2302 1100 2356; x_wconf 81' lang='grc' dir='ltr'><strong><em>ὄξει</em></strong></span> <span class='ocrx_word' id='word_1_292' title='bbox 1131 2301 1212 2346; x_wconf 85' lang='grc' dir='ltr'><strong><em>καὶ</em></strong></span> <span class='ocrx_word' id='word_1_293' title='bbox 1229 2301 1434 2376; x_wconf 78' lang='grc' dir='ltr'><strong><em>λασάρῳ</em></strong></span> <span class='ocrx_word' id='word_1_294' title='bbox 1475 2299 1640 2375; x_wconf 82' lang='grc' dir='ltr'><strong><em>βρέξας</em></strong></span> <span class='ocrx_word' id='word_1_295' title='bbox 1677 2300 1759 2345; x_wconf 86' lang='grc' dir='ltr'><strong><em>καὶ</em></strong></span> <span class='ocrx_word' id='word_1_296' title='bbox 1798 2297 1901 2345; x_wconf 77' lang='grc' dir='ltr'><strong><em>ἑπι-</em></strong></span> 
     </span>
     <span class='ocr_line' id='line_1_37' title="bbox 214 2359 1897 2419; baseline -0.001 -15"><span class='ocrx_word' id='word_1_297' title='bbox 214 2360 364 2410; x_wconf 77' lang='grc' dir='ltr'><strong><em>θεὶς.</em></strong></span> <span class='ocrx_word' id='word_1_298' title='bbox 399 2395 408 2405; x_wconf 90' lang='grc'><strong><em>.</em></strong></span> <span class='ocrx_word' id='word_1_299' title='bbox 443 2395 453 2404; x_wconf 94' lang='grc'><strong><em>.</em></strong></span> <span class='ocrx_word' id='word_1_300' title='bbox 486 2361 712 2417; x_wconf 80' lang='grc' dir='ltr'><strong><em>συμμίξας</em></strong></span> <span class='ocrx_word' id='word_1_301' title='bbox 734 2360 816 2404; x_wconf 87' lang='grc' dir='ltr'><strong><em>καὶ</em></strong></span> <span class='ocrx_word' id='word_1_302' title='bbox 839 2361 1030 2412; x_wconf 83' lang='grc' dir='ltr'><strong><em>λειώσας</em></strong></span> <span class='ocrx_word' id='word_1_303' title='bbox 1052 2360 1134 2405; x_wconf 85' lang='grc' dir='ltr'><strong><em>καὶ</em></strong></span> <span class='ocrx_word' id='word_1_304' title='bbox 1156 2361 1272 2419; x_wconf 90' lang='grc' dir='ltr'><strong><em>πρὸς</em></strong></span> <span class='ocrx_word' id='word_1_305' title='bbox 1295 2359 1426 2417; x_wconf 74' lang='grc' dir='ltr'><strong><em>ἥλιον</em></strong></span> <span class='ocrx_word' id='word_1_306' title='bbox 1452 2359 1656 2418; x_wconf 80' lang='grc' dir='ltr'><strong><em>ξηράνας</em></strong></span> <span class='ocrx_word' id='word_1_307' title='bbox 1679 2359 1897 2417; x_wconf 87' lang='grc' dir='ltr'><strong><em>κολλύρια</em></strong></span> 
     </span>
     <span class='ocr_line' id='line_1_38' title="bbox 216 2417 1444 2477; baseline 0.001 -14"><span class='ocrx_word' id='word_1_308' title='bbox 216 2418 481 2476; x_wconf 87' lang='grc' dir='ltr'><strong><em>(κολλούρια</em></strong></span> <span class='ocrx_word' id='word_1_309' title='bbox 515 2419 592 2475; x_wconf 90' lang='lat' dir='ltr'><strong><em>P).</em></strong></span> <span class='ocrx_word' id='word_1_310' title='bbox 656 2419 716 2462; x_wconf 88' lang='lat' dir='ltr'><em>M</em></span> <span class='ocrx_word' id='word_1_311' title='bbox 736 2423 792 2462; x_wconf 88' lang='lat'><strong><em>40</em></strong></span> <span class='ocrx_word' id='word_1_312' title='bbox 818 2417 933 2476; x_wconf 80' lang='grc' dir='ltr'><strong><em>ρ’.κζ</em></strong></span> <span class='ocrx_word' id='word_1_313' title='bbox 996 2420 1052 2464; x_wconf 86' lang='lat' dir='ltr'><strong><em>cf.</em></strong></span> <span class='ocrx_word' id='word_1_314' title='bbox 1078 2419 1285 2477; x_wconf 83' lang='lat' dir='ltr'><strong>Veg.111</strong></span> <span class='ocrx_word' id='word_1_315' title='bbox 1307 2425 1378 2473; x_wconf 86' lang='lat'><strong><em>48,</em></strong></span> <span class='ocrx_word' id='word_1_316' title='bbox 1404 2425 1444 2464; x_wconf 90' lang='lat'><strong><em>8.</em></strong></span> 
     </span>
    </p>

    <p class='ocr_par' dir='ltr' id='par_1_10' title="bbox 217 2436 1899 2594">
     <span class='ocr_line' id='line_1_39' title="bbox 336 2436 1899 2536; baseline -0.001 -14"><span class='ocrx_word' id='word_1_317' title='bbox 336 2477 703 2534; x_wconf 82' lang='lat' dir='ltr'><strong><em>vessioulam]</em></strong></span> <span class='ocrx_word' id='word_1_318' title='bbox 738 2436 870 2534; x_wconf 89' lang='lat' dir='ltr'><strong>Corp</strong></span> <span class='ocrx_word' id='word_1_319' title='bbox 896 2479 1036 2534; x_wconf 87' lang='lat' dir='ltr'><strong>gloss.</strong></span> <span class='ocrx_word' id='word_1_320' title='bbox 1061 2479 1104 2522; x_wconf 91' lang='grc' dir='ltr'><strong><em>ΙΙ</em></strong></span> <span class='ocrx_word' id='word_1_321' title='bbox 1129 2494 1173 2536; x_wconf 90' lang='lat' dir='ltr'><strong><em>p.</em></strong></span> <span class='ocrx_word' id='word_1_322' title='bbox 1199 2484 1285 2523; x_wconf 82' lang='lat'><strong><em>462</em></strong></span> <span class='ocrx_word' id='word_1_323' title='bbox 1319 2479 1481 2529; x_wconf 81' lang='grc' dir='ltr'><strong><em>ὑδατίς</em></strong></span> <span class='ocrx_word' id='word_1_324' title='bbox 1510 2478 1720 2522; x_wconf 80' lang='lat' dir='ltr'><strong><em>vesicula.</em></strong></span> <span class='ocrx_word' id='word_1_325' title='bbox 1776 2476 1899 2520; x_wconf 73' lang='lat' dir='ltr'><strong>infra</strong></span> 
     </span>
     <span class='ocr_line' id='line_1_40' title="bbox 217 2536 844 2594; baseline -0.003 -13"><span class='ocrx_word' id='word_1_326' title='bbox 217 2538 445 2594; x_wconf 75' lang='lat' dir='ltr'><strong><em>aquatilia</em></strong></span> <span class='ocrx_word' id='word_1_327' title='bbox 477 2537 586 2580; x_wconf 76' lang='lat' dir='ltr'><strong><em>sunt</em></strong></span> <span class='ocrx_word' id='word_1_328' title='bbox 614 2536 844 2586; x_wconf 80' lang='grc' dir='ltr'><strong><em>υὸατίδες.</em></strong></span> 
     </span>
    </p>

    <p class='ocr_par' dir='ltr' id='par_1_11' title="bbox 214 2591 1897 2829">
     <span class='ocr_line' id='line_1_41' title="bbox 335 2591 1897 2652; baseline -0.002 -13"><span class='ocrx_word' id='word_1_329' title='bbox 335 2594 431 2640; x_wconf 81' lang='lat'><strong><em>194</em></strong></span> <span class='ocrx_word' id='word_1_330' title='bbox 462 2595 519 2639; x_wconf 92' lang='grc' dir='ltr'>Η</span> <span class='ocrx_word' id='word_1_331' title='bbox 541 2599 624 2640; x_wconf 90' lang='grc'>160</span> <span class='ocrx_word' id='word_1_332' title='bbox 656 2594 772 2652; x_wconf 89' lang='grc' dir='ltr'><strong><em>πρὸς</em></strong></span> <span class='ocrx_word' id='word_1_333' title='bbox 786 2595 838 2639; x_wconf 84' lang='grc' dir='ltr'><strong><em>τὸ</em></strong></span> <span class='ocrx_word' id='word_1_334' title='bbox 857 2595 965 2651; x_wconf 80' lang='grc' dir='ltr'><strong><em>δίχα</em></strong></span> <span class='ocrx_word' id='word_1_335' title='bbox 983 2593 1176 2651; x_wconf 77' lang='grc' dir='ltr'><strong><em>σιδήρου</em></strong></span> <span class='ocrx_word' id='word_1_336' title='bbox 1200 2594 1348 2652; x_wconf 82' lang='grc' dir='ltr'><strong><em>νεαρὰ</em></strong></span> <span class='ocrx_word' id='word_1_337' title='bbox 1365 2591 1570 2651; x_wconf 86' lang='grc' dir='ltr'><strong><em>ῥεύματα</em></strong></span> <span class='ocrx_word' id='word_1_338' title='bbox 1586 2596 1897 2650; x_wconf 78' lang='grc' dir='ltr'><strong><em>θεραπεῦσαι.</em></strong></span> 
     </span>
     <span class='ocr_line' id='line_1_42' title="bbox 218 2653 1896 2711; baseline -0.002 -13"><span class='ocrx_word' id='word_1_339' title='bbox 218 2655 281 2698; x_wconf 95' lang='grc' dir='ltr'><strong>Μ</strong></span> <span class='ocrx_word' id='word_1_340' title='bbox 301 2659 358 2699; x_wconf 85' lang='grc'>30</span> <span class='ocrx_word' id='word_1_341' title='bbox 389 2653 513 2711; x_wconf 85' lang='grc' dir='ltr'><strong><em>ρκη’.</em></strong></span> <span class='ocrx_word' id='word_1_342' title='bbox 563 2653 620 2698; x_wconf 85' lang='lat' dir='ltr'><strong>cf.</strong></span> <span class='ocrx_word' id='word_1_343' title='bbox 645 2653 760 2711; x_wconf 87' lang='lat' dir='ltr'><strong>Veg.</strong></span> <span class='ocrx_word' id='word_1_344' title='bbox 788 2653 853 2697; x_wconf 92' lang='lat' dir='ltr'><strong><em>III</em></strong></span> <span class='ocrx_word' id='word_1_345' title='bbox 876 2658 948 2710; x_wconf 89' lang='lat'><strong><em>48,</em></strong></span> <span class='ocrx_word' id='word_1_346' title='bbox 973 2657 1002 2696; x_wconf 87' lang='grc'>4</span> <span class='ocrx_word' id='word_1_347' title='bbox 1041 2655 1129 2698; x_wconf 72' lang='lat' dir='ltr'><strong><em>alii</em></strong></span> <span class='ocrx_word' id='word_1_348' title='bbox 1159 2654 1297 2709; x_wconf 73' lang='lat' dir='ltr'><strong><em>filicis</em></strong></span> <span class='ocrx_word' id='word_1_349' title='bbox 1318 2655 1517 2698; x_wconf 77' lang='lat' dir='ltr'><strong><em>radicem</em></strong></span> <span class='ocrx_word' id='word_1_350' title='bbox 1548 2657 1589 2697; x_wconf 81' lang='lat' dir='ltr'><strong><em>et</em></strong></span> <span class='ocrx_word' id='word_1_351' title='bbox 1619 2666 1771 2697; x_wconf 82' lang='lat' dir='ltr'><strong><em>ervum</em></strong></span> <span class='ocrx_word' id='word_1_352' title='bbox 1794 2666 1896 2696; x_wconf 83' lang='lat' dir='ltr'><strong><em>cum</em></strong></span> 
     </span>
     <span class='ocr_line' id='line_1_43' title="bbox 216 2711 1894 2770; baseline -0.002 -13"><span class='ocrx_word' id='word_1_353' title='bbox 216 2715 426 2770; x_wconf 74' lang='lat' dir='ltr'><em>aaeunyia</em></span> <span class='ocrx_word' id='word_1_354' title='bbox 477 2713 617 2757; x_wconf 79' lang='lat' dir='ltr'><strong><em>veteri</em></strong></span> <span class='ocrx_word' id='word_1_355' title='bbox 669 2717 711 2757; x_wconf 84' lang='lat' dir='ltr'><strong><em>et</em></strong></span> <span class='ocrx_word' id='word_1_356' title='bbox 764 2717 886 2758; x_wconf 83' lang='lat' dir='ltr'><strong>aceto</strong></span> <span class='ocrx_word' id='word_1_357' title='bbox 939 2713 1159 2757; x_wconf 78' lang='lat' dir='ltr'><strong><em>acerrimo</em></strong></span> <span class='ocrx_word' id='word_1_358' title='bbox 1215 2716 1385 2769; x_wconf 78' lang='lat' dir='ltr'><strong><em>putant</em></strong></span> <span class='ocrx_word' id='word_1_359' title='bbox 1447 2716 1648 2768; x_wconf 75' lang='lat' dir='ltr'><strong><em>oportere</em></strong></span> <span class='ocrx_word' id='word_1_360' title='bbox 1701 2711 1894 2755; x_wconf 74' lang='lat' dir='ltr'><strong>misceri.</strong></span> 
     </span>
     <span class='ocr_line' id='line_1_44' title="bbox 214 2770 653 2829; baseline 0.002 -15"><span class='ocrx_word' id='word_1_361' title='bbox 214 2770 375 2829; x_wconf 82' lang='lat' dir='ltr'><strong>Pelag.</strong></span> <span class='ocrx_word' id='word_1_362' title='bbox 402 2775 653 2815; x_wconf 80' lang='lat'><strong>201-203.</strong></span> 
     </span>
    </p>

    <p class='ocr_par' dir='ltr' id='par_1_12' title="bbox 210 2827 1892 2945">
     <span class='ocr_line' id='line_1_45' title="bbox 336 2827 1892 2888; baseline -0.003 -14"><span class='ocrx_word' id='word_1_363' title='bbox 336 2830 547 2888; x_wconf 83' lang='lat' dir='ltr'><strong>cancri]</strong></span> <span class='ocrx_word' id='word_1_364' title='bbox 580 2831 849 2887; x_wconf 83' lang='lat' dir='ltr'><strong>corruptum</strong></span> <span class='ocrx_word' id='word_1_365' title='bbox 880 2829 1066 2874; x_wconf 84' lang='lat' dir='ltr'><strong>videtur</strong></span> <span class='ocrx_word' id='word_1_366' title='bbox 1097 2843 1152 2874; x_wconf 85' lang='lat' dir='ltr'><strong><em>ex</em></strong></span> <span class='ocrx_word' id='word_1_367' title='bbox 1184 2830 1382 2887; x_wconf 78' lang='lat' dir='ltr'><strong><em>eanehry</em></strong></span> <span class='ocrx_word' id='word_1_368' title='bbox 1413 2829 1489 2873; x_wconf 84' lang='lat' dir='ltr'><strong><em>vel</em></strong></span> <span class='ocrx_word' id='word_1_369' title='bbox 1514 2829 1693 2887; x_wconf 77' lang='lat' dir='ltr'><strong><em>cachry,</em></strong></span> <span class='ocrx_word' id='word_1_370' title='bbox 1725 2827 1812 2872; x_wconf 87' lang='lat' dir='ltr'><strong><em>etsi</em></strong></span> <span class='ocrx_word' id='word_1_371' title='bbox 1838 2831 1892 2871; x_wconf 85' lang='lat'><strong><em>51</em></strong></span> 
     </span>
     <span class='ocr_line' id='line_1_46' title="bbox 210 2888 1377 2945; baseline 0 -13"><span class='ocrx_word' id='word_1_372' title='bbox 210 2889 522 2945; x_wconf 76' lang='lat' dir='ltr'><strong><em>propinantur</em></strong></span> <span class='ocrx_word' id='word_1_373' title='bbox 553 2889 707 2934; x_wconf 82' lang='lat' dir='ltr'><strong><em>cancri</em></strong></span> <span class='ocrx_word' id='word_1_374' title='bbox 737 2888 962 2934; x_wconf 86' lang='lat' dir='ltr'><strong>fluviatioi</strong></span> <span class='ocrx_word' id='word_1_375' title='bbox 995 2890 1100 2945; x_wconf 82' lang='lat'><strong>(313</strong></span> <span class='ocrx_word' id='word_1_376' title='bbox 1131 2889 1377 2944; x_wconf 81' lang='lat' dir='ltr'><strong><em>cancrum)</em></strong></span> 
     </span>
    </p>
   </div>
  </div>
 </body>
</html>
