2060 3232
802 144 1196 198 —133—

157 280 241 332 καὶ
279 279 517 349 προσθεὶς
554 280 902 347 τραγακάνθης
939 284 1001 346 γό
1031 275 1104 346 γ’,
1141 286 1292 329 ταῦτα
1330 278 1399 338 εἰς
1430 275 1483 345 γ’
1519 277 1704 348 ἡμέρας
1744 281 1850 331 δια-

157 360 332 421 νεμεῖς.
395 355 522 408 οὕτω
562 351 616 403 δὲ
661 358 877 421 χρῆσθαι
916 354 1011 403 δεῖ·
1074 351 1165 418 τὴν
1211 353 1564 420 τραγάκανθαν
1602 353 1696 421 πρὸ
1737 363 1851 421 μιᾶς

156 427 341 497 ἡμέρας
394 428 464 487 εἰς
518 427 652 494 ’ὕδωρ
713 426 905 495 θερμὸν
960 426 1137 492 ἔμβαλε
1201 425 1320 476 ὥστε
1372 428 1716 493 καταζυμῶσαι
1768 427 1851 478 καὶ

157 501 375 570 πρόσθες
413 500 664 567 ἑψήματος
705 497 830 568 θγ’,
884 499 1130 551 τουτέστιν
1187 499 1274 551 ἕνα
1327 497 1455 550 καθ’
1511 498 1724 568 ἡμέραν,
1779 500 1850 552 ὠὰ

113 589 135 622 5
158 575 357 645 ἀριθμῷ
414 571 485 640 ς’,
542 573 706 625 ἐλαίου
759 575 978 643 ῥοδίνου.
1058 582 1208 625 ταῦτα
1256 575 1517 641 σύμπαντα
1564 575 1705 640 μίξας
1750 575 1853 641 ἅμα

157 648 390 715 νηστικὸγ
428 648 481 700 τὸ
521 649 647 709 ζῶον
684 649 957 716 προπότιζε.

270 725 332 774 H
354 726 456 774 162
484 717 579 792 (=
604 726 670 772 M
691 726 756 773 31
786 718 951 791 ρλθ’)τ
977 720 1123 773 ’Ἀλλο
1162 722 1286 791 πρὸς
1324 721 1491 791 ἄρθρα
1519 720 1851 789 κεχαλασμένα
1868 724 1986 771 509*

160 797 244 848 καὶ
282 796 528 856 ὑδατίδας.
591 795 764 862 ἀλόην,
803 797 1057 864 σμύρναν,
1096 797 1320 862 μάνναν,
1366 797 1547 847 πίσσαν
1592 797 1853 864 Βρυττίαν,

160 872 321 921 πάντα
358 870 413 921 ἓν
450 869 608 939 ταύτῷ
647 871 822 930 λεάνας
861 869 1086 937 ἐπίβαλλε
1123 870 1207 921 καὶ
1237 871 1423 921 σίτινον
1454 869 1664 938 ἄλευρον
1701 885 1853 937 προσ-

98 959 141 992 10
165 946 352 1012 μίσγων
390 943 473 995 καὶ
508 951 606 994 τῶν
645 941 757 995 ὠῶν
788 944 841 994 τὸ
873 944 1067 1010 λευκὸν,
1098 943 1260 995 ἔπειτα
1291 942 1606 1010 ἀναλάμβανε
1643 943 1725 995 καὶ
1755 953 1852 1012 χρῶ

162 1018 284 1069 κατὰ
322 1026 419 1069 τῶν
459 1016 664 1086 ἄρθρων
704 1017 941 1084 ἐπιδήσας
979 1019 1129 1089 χάρτη
1169 1017 1403 1084 ἐπιμελῶς
1440 1018 1524 1069 καὶ
1562 1020 1679 1085 μετά
1716 1038 1853 1079 τινας

162 1090 346 1160 ἡμέρας
383 1093 535 1153 λύσας
573 1093 723 1143 πάλιν
761 1092 814 1143 τὸ
854 1091 973 1143 αὐτὸ
1013 1092 1256 1159 βοήθημα
1293 1093 1556 1160 προσάγων
1594 1093 1852 1160 θεράπευε.

273 1169 333 1216 H
354 1170 482 1218 163:
509 1164 673 1220 ’'AM-o.
706 1167 750 1217 εἰ
775 1167 932 1258 ρεῦμα
963 1165 1016 1216 ἐν
1039 1171 1142 1226 τοῖς
1171 1166 1290 1218 ποσὶ
1317 1174 1406 1217 τοῦ
1446 1168 1600 1218 ἵππου
1634 1165 1852 1233 ἕμπεσοι,
1867 1169 1986 1215 510

160 1240 370 1292 οἰδαίνει
407 1240 467 1291 τὰ
514 1241 690 1292 τούτου
738 1240 921 1308 γόνατα
965 1239 1049 1291 καὶ
1093 1242 1306 1308 χωλεύει.
1377 1239 1464 1290 ἐὰν
1511 1260 1605 1291 ουν
1652 1240 1705 1291 ἐν
1750 1245 1854 1302 τοῖς

92 1329 136 1362 15
162 1312 412 1375 ὀπισθίοις
449 1336 510 1384 η,
547 1323 738 1365 καυσον
778 1314 931 1365 αυτὸν
969 1316 1252 1382 καυτηρίοις
1285 1316 1623 1382 στρογγύλοις,
1662 1314 1852 1365 ε’σωθεν

55 1400 58 1403 ’
158 1387 238 1439 ε’πὶ
276 1397 363 1455 τῆς
403 1387 620 1456 ἀγκύλης
658 1389 875 1454 καύμασι
912 1386 1073 1454 πέντε,
1112 1388 1299 1450 ε’ξωθεν
1339 1386 1392 1438 δὲ
1422 1387 1651 1439 πλατέσιν
1691 1408 1853 1454 αμφο-

155 1461 385 1531 τέρωθεν.
440 1461 527 1513 ἐὰν
569 1460 622 1512 δὲ
661 1461 715 1513 ἐν
753 1468 856 1524 τοῖς
895 1461 1218 1530 ἐμπροσθίοις
1249 1464 1476 1513 κάτωθεν
1513 1453 1546 1533 ’ᾖ
1586 1470 1673 1513 τοῦ
1703 1462 1853 1529 γόνα-

154 1556 254 1602 τος,
292 1538 479 1596 καύσας
512 1536 836 1603 μανδακηδὸν
869 1535 1101 1603 ἐπιμελοῦ
1134 1535 1199 1597 ὡς
1230 1535 1312 1587 καὶ
1343 1536 1400 1586 τὰ
1432 1536 1579 1587 λοιπα
1609 1537 1849 1602 καύματα.

266 1614 334 1660 Μ
357 1614 459 1662 147
496 1607 668 1681 αρπγᾝ
701 1612 1024 1678 Πελαγωνίου
1057 1610 1179 1679 πρὸς
1210 1609 1576 1679 παραφυλακὴν
1608 1610 1849 1677 ευσωμίας
1866 1611 1960 1657 511

88 1701 133 1733 20
155 1684 328 1736 ἵππου.
395 1689 559 1747 periit.

282 1847 303 1886 1
332 1838 522 1899 ροσθεὶς
546 1842 607 1886 Μ
627 1845 717 1887 136
744 1843 752 1900 Ι
778 1841 1117 1899 τραγακάνθου
1144 1843 1206 1885 Μ
1227 1845 1291 1888 ,23
1316 1843 1324 1899 1
1350 1848 1486 1886 τοῦτο
1508 1842 1570 1885 M
1588 1844 1681 1886 136
1709 1843 1715 1897 Ι
1744 1842 1849 1885 δια-

153 1899 310 1958 νέμεις
343 1903 406 1945 Μ
436 1905 528 1946 136
567 1903 584 1957 ΙΙ
625 1907 650 1946 2
690 1900 1028 1976 τραγάκανθον
1062 1902 1126 1945 Μ
1171 1906 1362 1959 utroque
1394 1903 1487 1946 loco
1526 1901 1540 1957 ΙΙ
1579 1907 1605 1945 3
1654 1898 1708 1957 ἔμ
1741 1903 1847 1944 αλλε

155 1961 295 2006 M23
319 1962 334 2018 ss
373 1963 399 2003 5
447 1960 657 2018 ἀριθμὸν
692 1962 751 2004 Μ
782 1964 847 2006 23
872 1964 879 2017 Ι
908 1957 1100 2018 ῥὀδινοῢ
1132 1960 1196 2004 Μ
1218 1964 1282 2006 23
1321 1962 1336 2017 ΙΙ
1382 1966 1405 2004 ’1
1430 1958 1554 2004 ’Ἀλλο
1586 1974 1668 2005 om.
1756 1959 1850 2018 ΜΗ

156 2023 184 2063 8
215 2018 367 2064 ὑδάτα
399 2019 457 2063 Η
478 2019 484 2078 Ι
512 2019 870 2077 ἀλοκυσμκύρναν
903 2021 959 2064 Η
981 2021 988 2078 Ι
1017 2019 1224 2076 σμύρνην
1259 2020 1317 2064 Μ
1335 2022 1351 2074 ΙΙ
1376 2024 1428 2064 11
1463 2019 1646 2076 ἄρθρον
1679 2019 1734 2062 Η
1753 2020 1768 2076 ΙΙ
1794 2023 1847 2064 13

146 2076 270 2123 ’Ἀλλο
302 2093 386 2125 om.
419 2080 468 2123 H
493 2080 507 2136 ΙΙ
535 2083 590 2124 14
621 2079 810 2137 χωλεύει
843 2081 903 2125 P-
941 2080 1158 2136 χωλαίνει
1189 2080 1247 2124 H
1264 2080 1279 2135 ss
1306 2084 1359 2123 16
1392 2079 1593 2136 ἀγγύλης
1625 2078 1682 2123 Η
