2060 3232
793 115 1190 169 —177—

153 244 229 301 (cf.
254 243 433 288 Eumol.
457 243 597 301 Hipp.
622 248 708 288 217
740 241 769 298 ἢ
802 251 996 288 νεοσσοῦ
1028 246 1266 301 χελιδόνος
1292 246 1531 290 κοιλίαν
1505 265 1534 303 η
1558 249 1643 306 τὴν
1667 251 1837 295 καλιὰν

146 311 240 348 τῶν
272 304 426 348 αὐτῶν
457 309 656 347 νεοττῶν
686 303 878 354 λειώσας
909 299 1115 348 ἐπιτίθει
1144 307 1206 363 τῷ
1236 303 1500 362 πλήγματι).

277 376 369 407 616
402 361 739 420 dissipatos]
772 362 1018 418 ἀνατεμών
1058 363 1124 407 Η.
1178 348 1235 407 cf.
1271 362 1405 420 Corp.
1431 364 1573 421 gloss.
1596 366 1723 424 IVp.
1749 373 1834 413 229

154 422 382 477 dissecere,
413 421 641 477 dissipare
671 425 714 466 et
745 421 798 464 iu
827 422 1032 466 diversas
1061 435 1225 477 secare,
1256 423 1304 465 61,
1333 422 1462 468 locos
1486 425 1546 467 ab
1569 425 1835 471 Hermanno

148 479 364 525 Roensch
396 478 818 536 Semasiologische
853 479 1071 537 Beitrage
1102 495 1207 524 zum
1230 479 1411 526 Latein.
1429 483 1737 568 W6rterbueh
1771 486 1836 529 ΙΙΙ
1893 527 1900 533 ,

148 554 193 594 p.
218 544 274 583 31
307 540 570 593 congestos.

267 596 379 653 Cap.
412 597 531 641 XXI.
575 596 667 641 287
702 597 760 640 H
778 601 863 642 276
896 604 977 642 τοῦ
1009 598 1153 642 αὐτοῦ
1177 569 1472 655 προπότισμα
1495 600 1576 643 καὶ
1598 603 1836 656 θεραπεία

147 656 266 731 πρὸς
290 656 515 706 κωλικοὺς
538 656 619 699 καὶ
642 656 750 707 τοὺς
773 656 867 700 ἀπὸ
892 656 1060 714 χόρτου
1085 665 1266 714 σαπροῦ
1293 657 1651 717 βλαπτομένους.
1685 662 1838 704 Πελα-

150 716 318 771 γώνιος
346 716 533 774 Λουκίῳ
565 716 759 772 χαι’.ρειν
819 716 882 759 Μ
910 720 993 760 109
1025 716 1149 775 ’φας’
1182 718 1480 774 Πελαγώνιος
1510 720 1691 778 Λευκίῳ
1732 718 1835 779 ἰδίῳ

149 775 439 834 (Λευκιλίῳῖ)
471 775 668 831 χαι’.ρειν
730 774 846 831 Veg.
873 774 914 818 V
940 779 1076 830 51,1.

265 834 328 876 111,
358 819 657 906 adreptum
687 833 877 891 putes]
911 833 1026 878 item
1049 834 1290 890 Vegetius,
1324 834 1384 886 ὡς
1417 830 1644 897 ἐπιληψίᾳ
1666 843 1831 882 τοῦτον

146 893 422 949 νομίζεσθαι
454 889 648 948 ἔχεσθαι
678 892 742 937 Η.

265 950 360 996 288
392 950 450 995 Η
476 956 562 995 276
593 955 690 1001 τοῖς
727 950 958 1001 τοιούτοις
989 948 1073 995 οὖν
1113 951 1199 1008 χρὴ
1239 956 1301 1011 τῷ
1344 953 1538 1012 τοιούτῳ
1582 956 1834 1010 προποτίσ-

147 1026 270 1066 ματι,
303 1009 364 1061 ὥς
395 1024 511 1066 φησι
533 1007 719 1066 Κέλσος,
754 1011 967 1077 βοηθεῖν.
1033 1011 1095 1054 Μ
1134 1016 1217 1055 109
1257 997 1373 1069 ipqg'
1415 1012 1708 1070 προπότισμα
1747 1031 1836 1058 κω-

146 1071 302 1113 λικῶν.
363 1069 478 1126 Veg.
503 1069 634 1125 V51‚
658 1073 701 1125 2,
732 1069 885 1113 minus
919 1071 1137 1114 accurate
1170 1069 1328 1125 VI28,
1358 1076 1424 1117 17.

267 1128 421 1172 asari
433 1084 728 1186 gPont’ici’]
785 1124 894 1185 ρέου
954 1130 1190 1173 Ποντικοῦ
1245 1106 1371 1173 HM.
1457 1132 1587 1176 asari
1637 1133 1833 1176 restitue

147 1187 348 1244 Vegetio
379 1187 420 1231 V
446 1190 524 1243 51,
549 1192 576 1231 2
629 1200 685 1230 ex
725 1186 996 1232 Corbeiensi
1033 1190 1213 1245 (arasi).
1278 1202 1464 1233 asarum
1516 1190 1744 1247 optimum
1785 1192 1835 1235 in

148 1245 297 1291 Ponto
327 1247 459 1290 nasci
488 1246 638 1291 tradit
667 1245 789 1289 Plin.
813 1245 901 1290 XII
925 1252 996 1291 47.

268 1303 559 1363 ligustici]
592 1306 856 1363 λιβυστικοῦ
889 1306 956 1361 Η,
988 1307 1179 1350 levistici
1210 1307 1258 1350 et
1287 1307 1479 1352 lebistici
1499 1306 1603 1365 Veg
1605 1308 1687 1352 etii
1708 1307 1831 1354 libri.

56 1396 62 1401 .
148 1364 208 1408 cf.
232 1364 442 1409 Dioscor
467 1363 532 1408 III
557 1369 613 1408 51
639 1378 677 1408 6.
704 1366 861 1409 adnot.
888 1364 1150 1421 Sprengelii
1173 1381 1217 1422 p.
1237 1369 1336 1410 519.
1369 1367 1500 1411 Alex.
1519 1323 1661 1410 Tgll.
1679 1383 1723 1424 p.
1744 1372 1829 1412 399

148 1422 262 1468 edit.
287 1423 502 1468 Puschm.
558 1421 734 1468 Colum.
761 1423 848 1466 XII
873 1428 942 1479 57,
969 1427 1009 1468 5.

264 1482 424 1538 pulei
455 1481 679 1539 acapni]
715 1482 910 1527 restitue
932 1459 1135 1539 Vegetio
1168 1497 1223 1527 ex
1249 1482 1381 1528 Coiaeb
1400 1485 1580 1542 puleyii
1602 1486 1833 1542 campani.

147 1540 380 1599 γλήχωνος
411 1544 629 1599 καθαροῦ
663 1541 727 1584 Η.

268 1614 399 1645 sane
431 1601 478 1644 si
509 1601 670 1644 dolor
701 1614 738 1645 e.
765 1614 808 1655 q.
835 1600 891 1657 s.]
925 1600 1094 1644 desunt
1123 1600 1173 1644 in
1203 1601 1271 1653 H,
1304 1601 1450 1646 1131161,
1482 1602 1597 1658 Veg.
1622 1602 1665 1646 V
1691 1607 1762 1656 51,
1790 1607 1831 1649 3.

267 1659 361 1703 289
393 1660 447 1703 Η
475 1663 560 1704 277
594 1658 719 1703 ἄλλο.
751 1657 930 1715 μέλιτος
960 1659 1205 1716 κοχλιάρια
1237 1659 1285 1703 δ’
1318 1664 1413 1704 κτλ.
1461 1661 1524 1704 Μ
1543 1665 1626 1704 109
1650 1670 1722 1719 ’ψρ
1693 1660 1791 1719 η’.

267 1718 418 1763 61311
448 1717 658 1776 mellis]
691 1716 770 1763 vix
786 1723 913 1763 recte
930 1719 1157 1764 traditum
1174 1720 1258 1764 est.
1292 1721 1387 1775 aut,
1407 1721 1529 1775 quod
1546 1719 1831 1765 Buechelero

147 1777 340 1835 placuit,
373 1777 667 1822 scribendum
703 1776 834 1822 Glari
864 1777 1024 1833 (Flori
1031 1777 1074 1832 ἓ)
1106 1779 1160 1821 111,
1190 1777 1253 1821 sit
1284 1791 1543 1834 cognomen
1576 1777 1828 1846 ίππιατρου

148 1837 223 1892 (cf.
249 1841 336 1882 290
367 1838 472 1882 item
504 1837 637 1882 aliud
666 1836 900 1892 Emeriti),
933 1840 1015 1881 aut
1037 1836 1236 1881 fortasse
1261 1838 1408 1894 acris;
1438 1837 1495 1882 cf.
1521 1835 1613 1883 Cic.
1637 1837 1687 1882 in
1710 1837 1828 1882 Hor-

145 1895 298 1941 tensio
331 1895 457 1953 apud.
486 1895 607 1941 Non.
631 1911 676 1953 p.
702 1900 790 1941 240
821 1897 942 1954 quod
972 1897 1164 1941 alterius
1193 1898 1429 1954 inqenium
1465 1898 1532 1941 sic
1570 1902 1622 1941 ut
1652 1902 1829 1942 acetum

274 1957 442 2012 ptium,
458 1956 649 2000 alterius
663 1956 730 1999 sic
747 1968 864 2009 acre,
881 1960 933 1999 ut
944 1956 1029 2000 mel
1044 1955 1331 2014 Hymettium
1354 1956 1551 2000 dicimus
1573 1956 1756 2027 (fragm.
1772 1962 1828 2001 89

147 1958 309 2059 wa!
305 2013 353 2058 F.
372 2014 446 2059 W.
467 2014 668 2071 Mfiller).
715 2013 834 2058 Plin.
860 2016 953 2059 nat.
979 2013 1087 2059 hist.
1112 2014 1176 2057 XI
1201 2018 1272 2060 38.
1299 2020 1368 2059 39.
1401 2014 1630 2071 interpres
1654 2012 1833 2071 μέλιτος

144 2074 330 2118 tantum
361 2073 561 2118 exhibet.

265 2132 360 2177 290
403 2133 460 2176 H
493 2137 577 2177 277
626 2131 749 2176 ἄλλο.
813 2147 1096 2206 καππαρεως
1146 2132 1232 2189 (ita
1269 2133 1333 2186 P,
1379 2129 1616 2189 καπέρεως
1657 2132 1831 2188 H)—-

146 2190 316 2234 lacuna
344 2217 399 2223 -—
426 2191 592 2247 φλοιὸν
623 2189 858 2247 κρεμάσας
883 2187 933 2235 ἐν
957 2195 1019 2250 τῷ
1043 2195 1207 2249 καπνῷ
1232 2190 1451 2264 ξήρανον,
1478 2189 1638 2235 ἔπειτα
1661 2192 1832 2246 τρίψας

147 2248 262 2305 μετὰ
287 2251 418 2294 οἴνου
443 2250 524 2294 καὶ
546 2249 782 2307 πεπέρεως
806 2251 955 2294 δίδου.
991 2236 1053 2294 ‘M
1068 2254 1151 2294 109
1169 2250 1322 2308 ψρθῖ
1355 2251 1470 2305 Veg.
1496 2249 1624 2305 V51,
1638 2255 1681 2294 3.
1706 2249 1831 2294 V72.

265 2308 486 2376 piperis
516 2324 615 2377 pro
647 2308 840 2366 modo]
867 2308 1064 2354 fortasse
1090 2322 1146 2353 ex
1170 2322 1398 2354 consensu
1420 2309 1581 2353 HPM
1597 2309 1832 2365 capparis,

148 2368 367 2421 quoniam
383 2367 580 2425 piperin
599 2368 764 2413 eadem
788 2366 1123 2425 compositione
1147 2367 1319 2412 iterum
1342 2367 1558 2413 occurrit.
1590 2367 1648 2412 cf.
1673 2369 1833 2412 tamen

150 2426 265 2482 Veg.
291 2425 334 2469 V
358 2430 436 2483 51,
462 2432 512 2471 3:
545 2432 782 2483 praeterea
815 2428 995 2484 piperis
1035 2427 1196 2485 (vulgo
1229 2429 1373 2484 panis
1411 2428 1520 2472 ante
1560 2425 1831 2482 Gesnerum)

148 2485 490 2542 aliquantulum
527 2492 569 2532 et
600 2486 867 2543 pelliculam
904 2488 958 2531 de
995 2491 1147 2531 ventre
1183 2487 1306 2542 pulli
1342 2487 1560 2532 siccatam
1597 2486 1650 2530 in
1689 2486 1830 2540 fua-no

147 2547 226 2599 (an
254 2545 381 2598 fumo
389 2544 432 2601 2)
463 2550 506 2590 et
536 2548 693 2591 tritam
723 2558 824 2591 cum
853 2546 961 2590 vino
992 2546 1150 2598 dabis‚·
1189 2547 1238 2590 et
1269 2545 1310 2588 V
1344 2549 1421 2589 72:
1461 2545 1664 2601 utrisque
1694 2557 1831 2588 reme-

147 2603 276 2647 dium
317 2608 394 2660 est,
437 2605 704 2662 pelliculam
749 2606 803 2650 de
845 2610 997 2650 ventre
1036 2605 1162 2662 pulli
1206 2605 1423 2650 siccatam
1467 2605 1594 2658 fumo
1639 2603 1832 2648 deterere

148 2662 410 2718 addit-esque
440 2668 537 2709 octo
567 2665 783 2721 scripulis
806 2664 987 2720 pipems
1017 2678 1056 2710 e.
1080 2678 1125 2719 (1.
1152 2679 1186 2708 s.

267 2720 360 2765 291
394 2723 451 2795 Η
475 2726 562 2767 277
603 2721 669 2774 εἰς
706 2723 757 2768 τὸ
799 2720 1055 2780 ἐπιγνῶναι
1087 2725 1231 2768 ιππον
1264 2722 1357 2766 ἀπὸ
1390 2720 1555 2777 χόρτου
1588 2716 1829 2794 βλαβέντα.

149 2785 334 2835 πρῶτον
374 2780 459 2837 μὲν
509 2781 709 2827 ἄστατον
757 2781 851 2837 ἕξει
894 2781 946 2826 τὸ
985 2789 1171 2839 πνεῦμα
1209 2783 1316 2839 (leg.
1356 2780 1408 2824 τὸ
1449 2779 1591 2835 ὄμμα)
1632 2777 1713 2822 καὶ
1751 2777 1833 2821 διὰ

147 2839 324 2889 παντὸς
342 2839 657 2914 παλλόμενον,
691 2842 874 2900 σαθρὸν
905 2841 956 2885 τὸ
983 2843 1120 2900 βῆμα.
1183 2848 1348 2885 τοῦτον
1382 2834 1434 2882 ἐκ
1464 2837 1658 2909 γαστρὸς
1691 2833 1720 2891 ἢ
1747 2836 1829 2879 καὶ

148 2895 285 2953 ὤμων
331 2898 599 2956 ἀφαίμασσε
645 2900 725 2944 καὶ
777 2900 1072 2958 προπότισμα
1122 2901 1252 2945 οἴνου
1307 2894 1625 2953 ἀφηψημένου
1679 2895 1833 2940 δίδου.

236 2979 329 3022 Ima,
354 2981 444 3012 Pela
424 2981 602 3021 agonias.
1423 2975 1476 3014 12
