2060 3232
863 110 1182 161 „2-

179 247 365 296 litteris
403 247 507 294 fere
546 246 845 294 uncialibus
906 262 1068 309 neque
1107 245 1221 293 aliis
1265 245 1390 294 locis
1429 245 1646 308 vestigia
1685 245 1867 295 desunt

180 336 310 384 quae
359 319 652 368 confirment
698 320 1028 382 archetypum
1070 321 1279 381 propter
1298 346 1301 349 >
1321 319 1607 367 litterarum
1651 319 1865 368 formam

179 394 378 442 saeculo
402 393 475 441 IX
507 393 842 454 antiquiorem
873 392 1198 440 iudicandum
1230 407 1352 455 esse,
1385 393 1629 454 scriptum
1651 393 1864 442 fortasse

179 481 304 516 saec.
335 460 648 532 V11sV1111).
703 482 884 514 nomen
917 466 1135 514 auctoris
1165 466 1336 528 prodit
1366 466 1527 514 altera
1556 466 1719 514 libelli
1750 468 1864 516 sub-

177 540 384 602 scriptio
423 541 605 588 notatu
643 539 795 603 digna
832 540 956 588 haec

210 612 557 673 COM‘ENTVM
589 626 765 671 ARTIS
804 626 1145 671 MEDICINAE
1179 626 1295 671 SEV
1326 626 1843 671 VETERANAERIAE

209 700 487 745 EXPLICIT
517 699 1003 746 PELAGONIORVM
1035 699 1505 745 SALONINIORVM
1517 701 1567 758 2).

179 806 333 853 quam
380 789 468 852 qui
513 788 696 852 legerit
741 788 888 836 facile
938 786 1138 836 Osanno
1178 782 1346 853 aliisss)
1395 788 1710 837 adsentietur
1752 789 1862 852 ipso

175 863 364 926 plurali
401 877 610 910 numero
649 862 865 910 nominis
897 861 1289 925 Pelagoniorum
1326 862 1570 910 indicium
1609 862 1732 910 artis
1764 879 1865 911 non

175 936 238 983 ab
284 952 385 984 uno
434 935 521 984 sed
560 951 590 983 a
644 936 841 984 duobus
886 936 969 985 vel
1021 935 1254 997 pluribus
1301 936 1559 984 confectae
1607 935 1865 999 contineri,

172 1009 472 1072 praesertim
518 1024 633 1057 cum
678 1009 804 1057 bene
852 1009 1132 1070 comparari
1183 1008 1382 1071 possint
1429 1009 1674 1057 Sasernae
1719 1012 1867 1072 pater

175 1085 227 1131 et
268 1082 405 1130 filius
445 1081 806 1144 Quinctiliique
845 1083 1028 1130 fratres
1073 1082 1321 1131 librorum
1367 1083 1427 1130 de
1473 1083 1624 1130 rebus
1661 1083 1865 1131 rusticis

173 1149 471 1221 auctores4).
528 1155 613 1202 sed
636 1155 836 1202 facilius
867 1171 974 1203 rem
998 1156 1220 1217 expediri
1249 1171 1395 1218 posse
1428 1156 1597 1220 credo,
1629 1157 1672 1204 si
1696 1157 1864 1206 arche-

171 1229 285 1292 typi
307 1229 527 1276 indolem
553 1229 839 1276 accuratius
863 1229 1289 1291 perpenderimus.
1336 1246 1436 1278 non
1459 1246 1573 1278 raro
1598 1230 1867 1279 verborum

172 1304 436 1351 contextus
481 1301 598 1348 libri
621 1301 961 1349 -Riccardiani
1006 1302 1081 1349 ita
1125 1302 1361 1350 turbatus
1409 1306 1506 1366 est,
1562 1306 1623 1352 ut
1669 1303 1865 1352 duobus

170 1377 294 1425 locis
317 1376 419 1424 iam
440 1375 763 1423 Florentinus
796 1375 959 1423 editor
996 1375 1410 1437 interpolationes
1442 1379 1702 1426 statueret.
1753 1378 1863 1426 dico

173 1452 346 1498 autem
382 1450 519 1498 locos
558 1465 589 1496 a
634 1465 713 1497 me
760 1449 903 1497 uncis
951 1449 1211 1512 quadratis
1252 1450 1635 1512 comprehensos
1675 1448 1744 1512 ἐξ
1781 1454 1865 1500 14.

174 1525 258 1573 69.
303 1525 422 1572 118.
467 1524 586 1571 138.
630 1524 749 1571 146.
793 1524 913 1571 204.
957 1525 1077 1571 206.
1120 1525 1242 1571 421.
1283 1525 1414 1587 441,
1462 1524 1643 1587 quibus
1694 1525 1866 1574 eiectis

169 1598 296 1646 bene
334 1597 561 1660 procedit
608 1597 785 1645 oratio.
848 1612 978 1659 quae
1026 1597 1176 1644 aliter
1222 1597 1463 1659 explicari
1507 1614 1608 1646 non
1652 1601 1868 1660 possunt

170 1671 271 1720 nisi
317 1671 646 1719 statuerimus
693 1686 754 1718 ex
799 1670 993 1718 duobus
1041 1670 1296 1718 codicibus
1345 1673 1683 1719 commentum
1735 1672 1866 1720 illud

171 1741 296 1794 artis
335 1743 668 1794 veterinariae
707 1744 934 1807 fluxisse,
977 1760 1092 1791 eum
1123 1746 1295 1792 autem
1327 1745 1416 1807 qui
1455 1745 1774 1795 concinnavit
1805 1762 1866 1794 ea

172 1834 300 1882 quae
340 1818 393 1865 in
433 1819 591 1866 altero
632 1818 801 1866 codice
835 1818 1171 1880 discrepantia
1201 1818 1445 1881 reperiret
1476 1819 1742 1867 adnotasse
1775 1821 1866 1867 aut

169 1891 223 1940 111
260 1892 490 1955 margine
531 1893 622 1939 aut
666 1891 801 1940 inter
844 1907 1039 1955 versus,
1086 1891 1218 1939 unde
1266 1893 1415 1955 culpa
1463 1892 1652 1940 scribae
1698 1893 1865 1941 minus

169 1966 324 2029 periti
376 1965 430 2012 in
491 1965 655 2026 ipsam
708 1965 986 2014 orationem
1039 1965 1163 2014 locis
1217 1981 1318 2014 non
1373 1966 1476 2014 suis
1529 1966 1864 2028 inrepserunt.

171 2056 331 2088 unum
369 2039 449 2087 hic
488 2039 612 2086 satis
650 2039 810 2087 habeo
849 2039 1169 2101 proposuisse
1210 2040 1495 2101 exemplum
1531 2040 1862 2102 luculentum,

173 2114 233 2162 de
274 2113 387 2161 aliis
418 2112 533 2162 vide
574 2128 703 2175 quae
744 2113 951 2175 exposui
988 2113 1116 2161 Mus.
1149 2113 1303 2161 Rhen.
1344 2114 1442 2162 vol.
1474 2115 1543 2162 46
1583 2131 1630 2176 p.
1667 2116 1771 2162 372
1792 2129 1864 2177 sq.

171 2203 279 2250 cap.
318 2185 446 2234 VIII
493 2183 526 2247 ἓ
570 2189 674 2235 118
722 2180 792 2249 (p.
828 2188 894 2235 39
940 2187 1013 2234 ed.
1050 2183 1242 2249 Sarch.)
1298 2187 1355 2235 Si
1408 2202 1554 2247 equus
1596 2189 1864 2248 peduculos

171 2264 227 2309 iu
265 2262 503 2309 intestinis
540 2261 781 2323 habuerit,
826 2262 1113 2322 iutelleyitur
1152 2275 1259 2309 cum
1295 2262 1568 2322 frequenter
1605 2265 1862 2321 torquetur.

292 2433 336 2485 1)
372 2428 438 2474 Cf.
471 2428 948 2474 commentatiuncula
979 2442 1120 2485 quam
1155 2429 1319 2486 scripsi
1352 2430 1453 2473 Zur
1493 2429 1862 2488 Ueberlieferqu

171 2490 249 2534 des
283 2489 567 2544 Pelayorzius
596 2487 750 2532 Musei
780 2487 994 2532 Rhenani
1024 2487 1117 2532 vol.
1142 2493 1199 2533 46
1230 2504 1276 2544 p.
1301 2493 1385 2532 371
1406 2502 1502 2544 seq.

291 2551 335 2602 2)
371 2547 632 2591 Secundum
664 2561 847 2591 versum
879 2547 1139 2591 Politianus
1170 2546 1369 2603 scripsit.

292 2609 338 2664 3)
373 2606 551 2662 Osann,
586 2605 826 2658 Quaedam
851 2605 909 2649 de
933 2605 1188 2662 Pelagonio
1213 2605 1608 2663 Hippiatricorum
1636 2605 1861 2662 scriptore

169 2666 356 2724 (Gissae
390 2666 523 2721 1843)
565 2680 610 2721 p.
639 2669 707 2709 17.
764 2665 821 2709 cf.
854 2664 889 2707 I.
916 2665 973 2708 de
1005 2664 1300 2722 Eichenfeld,
1339 2664 1531 2709 Wiener
1568 2664 1862 2710 Jahrbfieher

172 2726 254 2770 der
285 2723 525 2768 Literatur
554 2724 648 2769 vol.
672 2727 730 2767 44
761 2725 914 2780 (1828)
945 2723 1276 2780 Anzeigeblatt
1304 2739 1347 2780 p.
1374 2728 1444 2768 51.

291 2786 336 2838 4)
368 2783 437 2826 De
460 2782 554 2826 illis
585 2781 642 2826 cf.
668 2781 1018 2826 Reitzensteinii
1042 2782 1149 2826 diss.
1182 2783 1242 2825 de
1268 2782 1546 2838 scriptorum
1567 2782 1636 2825 rei
1658 2782 1859 2826 rusticae

174 2841 257 2898 qui
287 2840 585 2885 intercedunt
613 2841 737 2885 inter
760 2840 982 2885 Catonem
1015 2843 1062 2884 et
1086 2840 1391 2885 Columellam
1424 2840 1556 2884 libris
1588 2840 1858 2897 deperditis,

173 2899 327 2944 Berol.
362 2904 478 2945 1884
507 2914 554 2956 p.
579 2905 606 2943 3
625 2914 744 2957 seq.,
776 2900 833 2943 de
864 2900 937 2944 his
970 2899 1175 2957 Geopon.
1210 2899 1319 2946 edit.
1351 2900 1510 2944 Niclas
1541 2899 1562 2942 I
1593 2915 1638 2956 p.
1664 2899 1822 2944 LXIX.
