2060 3232
233 293 362 341 Item
409 292 451 340 si
497 305 656 354 equus
703 291 1019 340 aestuaverit.
1076 289 1325 338 brassicae
1371 289 1494 338 folia
1540 306 1653 338 cum
1693 290 1807 352 apio
1826 292 1920 339 186

122 369 296 430 tunsa,
349 365 454 414 vini
530 366 650 413 sext.
733 364 892 412 mixta
951 380 1041 426 per
1080 379 1271 416 narem
1328 363 1582 411 sinistram
1642 364 1808 411 infun-

124 439 325 487 duntur.

232 512 362 561 Item
401 511 568 575 aliter,
617 511 659 559 si
711 511 894 560 fortius
941 510 1259 559 aestuaverit.
1338 509 1649 573 petroselini,
1695 510 1806 559 hor·
1826 513 1916 559 187

77 599 100 632 5
122 586 247 634 mini
285 585 500 650 seminis,
541 585 703 649 dauci,
743 584 848 633 silis
889 584 1086 649 Gallici,
1126 584 1370 648 abrotoni,
1410 580 1551 649 †alis
1590 583 1807 647 seminis,

122 660 343 708 schoeni:
400 659 574 722 aequis
623 658 927 721 ponderibus
976 660 1127 706 tunsa
1182 660 1231 706 εὴ
1281 674 1395 706 cum
1446 673 1581 720 aqua
1640 657 1808 705 mulsa

121 733 242 781 data
281 735 449 781 aestus
487 733 726 781 relevant.

231 807 361 855 Item
392 807 455 855 ad
484 806 748 869 bulimum,
771 805 993 868 Apsyrti.
1048 805 1377 853 utilissimum
1400 807 1451 854 et
1473 803 1808 854 necessarium
1826 807 1920 854 188

120 882 198 928 est
222 880 421 929 domino
444 879 694 942 philocalo
724 879 973 928 bulimoso
1006 893 1304 927 succurrere.
1367 894 1486 927 nam
1509 878 1627 941 equi
1655 879 1808 927 inter-

0 967 4 974 *
52 968 97 1000 10
120 954 241 1001 dum
263 954 447 1002 famem
472 954 541 1001 sic
557 969 658 1002 non
684 953 868 1017 ferunt,
899 954 961 1000 ut
990 953 1276 1015 concidant3
1308 952 1390 1001 cui
1421 953 1810 1001 succurrendum

119 1043 220 1076 non
243 1043 427 1092 magno
461 1029 667 1090 sumptu
697 1026 1022 1075 manifestum
1053 1028 1140 1076 est.
1194 1042 1313 1074 nam
1336 1042 1451 1075 cum
1473 1026 1808 1090 bulimaverit,

118 1101 264 1164 panis
302 1101 477 1150 mundi
513 1101 716 1150 mollem
761 1102 958 1164 partem
1003 1100 1118 1150 vino
1164 1100 1389 1148 infundis
1436 1102 1487 1148 et
1532 1117 1647 1149 cum
1691 1100 1807 1149 vino

119 1175 228 1237 ipso
259 1175 502 1224 confricas
535 1175 682 1238 quasi
713 1175 892 1238 chylon
926 1176 977 1223 εὴ
1006 1191 1095 1237 per
1126 1190 1280 1223 cornu
1310 1174 1541 1223 faucibus
1571 1173 1807 1221 infundis.

121 1251 172 1297 et
209 1249 302 1297 hoc
344 1249 546 1312 quidem
575 1248 734 1296 initiis
764 1249 847 1298 vel
876 1249 930 1295 in
959 1248 1152 1312 itinere,
1184 1248 1273 1295 ubi
1304 1249 1486 1296 desunt
1516 1247 1808 1310 necessaria,

54 1334 98 1367 15
119 1323 431 1386 prodest3sin
449 1324 619 1371 autem
633 1322 963 1386 permanserit
983 1322 1220 1386 bulimus,
1245 1322 1456 1370 simulac
1481 1322 1688 1384 cyathos
1704 1321 1810 1369 HH

20 1388 30 1399 Χ
122 1412 237 1444 cum
274 1396 392 1446 vino
432 1397 719 1445 commisces
758 1398 809 1445 εὴ
845 1412 935 1459 per
973 1412 1128 1445 cornu
1168 1395 1321 1443 dabis.

231 1470 361 1518 Item
397 1470 450 1518 in
488 1470 666 1518 itinere
706 1470 750 1518 si
786 1470 1130 1533 bulimaverit,
1169 1469 1259 1517 ubi
1297 1469 1477 1518 desunt
1515 1467 1808 1532 necessaria,
1826 1473 1920 1519 189

119 1545 306 1591 terram
343 1543 513 1592 vivam
551 1546 602 1592 et
638 1544 814 1592 vinum
852 1544 1083 1592 faucibus
1121 1543 1330 1591 infunde
1363 1545 1454 1590 aut
1485 1543 1606 1591 offas
1645 1542 1726 1590 sac
1759 1545 1809 1590 et

120 1617 190 1665 sic
228 1617 282 1664 in
322 1632 375 1666 os
414 1617 573 1666 mitte.
636 1617 913 1666 certissima
951 1617 1145 1666 medela
1185 1618 1261 1665 est
1299 1618 1350 1666 et
1379 1615 1656 1665 necessario
1694 1631 1807 1678 pro-

0 1716 2 1721 ·
52 1703 97 1735 20
119 1690 314 1738 babilis.

231 1763 311 1811 Ad
351 1767 655 1826 ostocopum.
721 1765 763 1813 si
802 1780 961 1827 equus
1001 1767 1092 1813 aut
1130 1764 1286 1812 nimia
1322 1765 1524 1827 pletura
1571 1766 1806 1812 oneretur
1826 1770 1920 1815 190

121 1839 212 1885 aut
251 1837 612 1901 defatigatione
644 1838 852 1902 itineriS,
894 1838 1100 1902 sanguis
1139 1839 1199 1887 de
1228 1838 1497 1887 brachiolis
1529 1837 1805 1886 mittendus

120 1913 196 1959 est
234 1911 505 1974 eodemque
545 1911 803 1977 sanguine,
842 1912 1014 1961 iuncto
1055 1913 1163 1961 oleo
1204 1928 1318 1961 cum
1347 1912 1480 1976 vino,
1521 1928 1663 1961 omne
1704 1928 1807 1960 cor·

118 1999 215 2046 pus
264 1985 644 2049 perungendum
689 1987 777 2034 est.
847 1985 988 2034 dabis
1043 1986 1196 2034 etiam
1240 1986 1497 2049 potionem
1549 1986 1808 2048 pulverem

54 2069 100 2104 25
124 2058 505 2122 quadrigarium
543 2075 658 2108 cum
698 2060 806 2108 oleo
847 2062 898 2108 et
935 2059 1066 2109 vino.

232 2131 286 2180 Si
332 2148 490 2194 equus
538 2133 845 2181 aestuaverit
889 2135 982 2181 aut
1033 2133 1256 2181 membra
1310 2133 1477 2182 omnia
1523 2132 1806 2196 defecerint,
1825 2137 1918 2184 191

118 2205 326 2268 potiona
360 2206 453 2254 hac
498 2206 723 2268 potione:
770 2207 917 2254 lactis
960 2206 1152 2269 caprini
1192 2208 1328 2270 sext,
1377 2206 1629 2255 tracanthi
1650 2233 1718 2239 —
1743 2206 1809 2270 H,

121 2279 196 2327 ari
237 2279 419 2329 Gallici
452 2306 520 2311 ——
552 2279 625 2343 H,
679 2280 846 2328 nuclei
886 2307 955 2313 —
986 2280 1059 2343 H,
1114 2280 1332 2329 cariotae
1369 2307 1431 2313 —
1475 2280 1548 2344 H,
1602 2280 1808 2343 hyssopi

120 2353 320 2416 fascem,
352 2353 597 2401 marrubii
628 2354 767 2401 tunsi
790 2380 860 2386 —
892 2353 964 2402 H:
995 2354 1177 2403 horum
1208 2354 1431 2403 omnium
1461 2371 1551 2416 per
1582 2354 1807 2418 singulos

52 2438 98 2470 30
121 2426 225 2475 dies
265 2427 505 2475 sextarios
545 2427 769 2491 singulos
809 2427 962 2475 dabis

229 2500 357 2548 Item
404 2501 468 2549 ad
511 2502 639 2549 hanc
687 2501 971 2563 passionem
1017 2501 1289 2563 aptissima.
1374 2501 1568 2549 tisanae
1616 2516 1805 2565 sucum,
1824 2506 1918 2553 192

119 2574 377 2636 caprinam
402 2574 612 2639 adipem,
645 2590 849 2624 acrones
871 2575 1174 2640 berbecinos,
1205 2574 1535 2640 coriandrum,
1568 2576 1807 2624 anethum

239 2719 265 2758 2
299 2714 409 2759 uino
437 2717 444 2770 Ι
471 2715 614 2760 mista
649 2718 656 2770 Ι
689 2719 803 2762 nare
844 2714 1133 2760 insinistram
1159 2717 1225 2773 115
1272 2715 1433 2759 dranci
1475 2715 1482 2774 Ι
1527 2714 1775 2760 habrotoni
1793 2715 1809 2775 Η

121 2777 147 2816 6
163 2772 319 2830 scoeni
342 2776 357 2831 ΙΙ
381 2778 408 2818 8
424 2774 604 2831 absyrti
627 2776 643 2830 ΙΙ
666 2780 691 2819 9
706 2775 889 2820 filocalo
914 2777 928 2832 ΙΙ
955 2779 1008 2818 15
1027 2774 1134 2819 ciat.
1152 2774 1240 2818 IIII
1255 2774 1301 2817 R
1332 2771 1545 2824 κυάθους
1561 2778 1683 2830 τρεῖς
1699 2774 1809 2818 ΗΡ

120 2833 241 2889 (item
273 2834 506 2890 Apsyrta-3
536 2834 684 2891 Hipp.
703 2837 891 2890 p.·182)
917 2835 932 2890 ΙΙ
957 2837 1012 2878 19
1044 2833 1247 2877 medella
1268 2834 1284 2889 ΙΙ
1323 2839 1374 2877 21
1413 2834 1658 2890 stocopum
1694 2835 1710 2890 u
1747 2837 1804 2877 23

121 2890 376 2949 sanguini„
406 2897 464 2937 28
496 2893 585 2951 ari]
634 2893 790 2950 ἰαρίου
822 2893 880 2937 Η
943 2889 1080 2950 ἀρίου
1124 2893 1225 2950 Pm1
1281 2890 1436 2949 ἰαρίου
1475 2906 1536 2950 m2
1583 2898 1590 2947 Ι
1630 2892 1767 2949 ysopi
1789 2891 1805 2951 ΙΙ

120 2955 177 2995 29
208 2949 415 2994 marrubi
437 2953 454 3008 ΙΙ
477 2955 531 2996 31
549 2953 793 3009 aptissima
824 2952 983 2997 Sarch.
1032 2952 1238 3008 aptisma
1261 2951 1306 2995 R
1329 2953 1345 3007 ΙΙ
1369 2957 1423 2995 32
1449 2951 1641 3008 caprina
1664 2950 1803 3008 adipe

2052 2446 2060 2512 r-1-
2052 2282 2060 2437 a-x--q-—A
2054 2201 2060 2259 Μὴ
2055 2146 2060 2184 2.ss
2054 1920 2060 2105 ,n—n..-„--„
2057 1899 2060 1911 -.
2057 1827 2060 1873 ..a
2057 1778 2060 1810 Α...
2057 1731 2060 1754 ΛΔ
2058 1671 2060 1674 .
2058 1613 2060 1620 .
2056 1574 2060 1588 -
2058 1487 2060 1500 n
