2060 3232
912 109 1269 162 —44-

253 263 453 296 amarae
501 247 661 312 selib,
706 248 903 296 mentae
959 249 1010 295 et
1053 247 1199 294 rutae
1248 247 1497 308 quantum
1546 244 1752 309 sufficit,
1805 247 1936 294 teres

249 323 301 370 et
337 321 508 369 uteris.

165 396 227 441 41
358 394 413 443 Si
451 410 611 457 equus
649 394 887 458 febrierit,
927 410 986 442 ex
1019 392 1315 442 necessitate
1351 393 1651 457 sanguinem
1689 392 1936 456 detrahas,

247 471 299 524 et
343 469 576 531 potionas
633 469 724 517 sic:
772 468 1038 532 gentianae
1094 467 1254 530 selib.,
1306 466 1653 516 aristolochiae
1705 492 1769 500 --
1817 465 1936 530 1111,

243 542 451 605 hyssopi
489 568 550 575 —
584 542 649 605 II,
689 541 930 589 absinthii
966 567 1028 573 —
1063 540 1135 603 Π,
1183 539 1414 588 abrotoni
1449 565 1512 573 —
1547 539 1620 604 H,
1659 539 1938 588 caricarum
1983 553 2006 587 5

243 616 397 680 selib.,
438 615 542 678 apii
579 615 779 663 seminis
819 614 978 676 selib.·
1015 615 1162 662 rutae
1199 612 1498 660 fasciculum
1526 613 1580 660 in
1618 613 1828 662 caccabo
1853 614 1939 661 sed

244 690 394 752 pleno
443 705 557 738 cum
588 703 722 750 aqua
753 687 998 749 decoques
1039 686 1103 734 ad
1133 686 1322 734 tertiaS.
1387 701 1523 735 cum
1539 686 1723 736 videris
1749 687 1938 751 nigres-

244 779 367 827 cere,
408 764 605 811 coctum
644 763 731 810 est.
794 761 908 827 inde
932 760 1059 809 hem
1099 775 1215 808 cum
1239 760 1414 809 ceteris
1439 760 1791 823 suprascriptis
1820 760 1937 809 mis-

246 839 354 885 ceto
392 838 442 884 et
468 852 557 898 per
597 851 752 883 cornu
781 834 835 882 in
865 835 1036 883 fauces
1068 833 1320 882 infundito
1361 836 1412 883 et
1449 834 1632 883 hordeo
1673 834 1936 884 abstineto.

164 909 229 955 42
356 909 502 958 Potio
535 909 744 971 simplex
775 908 840 956 ad
869 908 1136 957 febrientes
1168 923 1336 970 equos.
1391 908 1526 956 faeni
1555 908 1732 957 Graeci
1763 923 1939 958 sucum
1963 924 2006 957 10

246 984 370 1032 bene
411 985 607 1032 coctum
645 998 760 1030 cum
791 982 895 1044 apii
925 982 1165 1031 fasciculo
1205 984 1256 1031 et
1286 982 1431 1030 rutae
1463 984 1515 1030 et
1545 982 1785 1047 meliloto,
1823 982 1938 1046 hys-

247 1073 383 1121 sopo,
423 1072 537 1105 cum
574 1057 720 1104 melle
760 1072 849 1118 per
887 1071 1042 1104 cornu
1081 1055 1233 1104 dabis.

733 1247 849 1295 ΙΠΙ.
893 1245 1083 1295 Curae
1123 1247 1195 1295 ad
1234 1263 1394 1296 armo
1408 1263 1442 1295 s.

615 1337 1056 1399 'PELAGONIVS
1094 1349 1386 1399 FALERIO
1429 1349 1554 1399 SVO

163 1453 228 1498 43
358 1453 413 1502 Si
452 1468 615 1502 armos
653 1453 856 1502 laeserit
887 1456 979 1502 aut
1009 1453 1306 1518 sanguinem
1336 1453 1603 1518 demiserit,
1642 1454 1805 1503 medio
1836 1454 1938 1503 fere
1963 1468 2006 1502 15

243 1526 297 1575 in
333 1529 552 1590 utroque
591 1543 732 1576 crure
762 1544 919 1576 venae
959 1528 1222 1577 solvantur
1259 1530 1311 1576 et
1348 1528 1477 1576 turis
1514 1528 1702 1590 polline
1735 1545 1850 1577 cum
1880 1545 1938 1577 eo

242 1600 333 1663 qui
378 1601 585 1664 profluit
630 1602 856 1665 sanguis,
904 1602 1113 1651 inmixto
1161 1601 1288 1650 armi
1332 1602 1580 1667 linantur,
1628 1605 1679 1651 et
1723 1619 1784 1651 ne
1822 1603 1939 1665 plus

241 1675 377 1723 iusto
417 1675 747 1740 exanimetur,
796 1677 987 1725 stercus
1033 1676 1192 1738 ipsius
1231 1676 1444 1724 iumenti
1488 1676 1760 1724 fluentibus
1799 1676 1938 1725 venis

243 1749 503 1797 admotum
541 1749 717 1798 fasceis
750 1749 1015 1814 obligetur.
1085 1752 1284 1812 postero
1326 1765 1525 1813 quoque
1562 1750 1640 1799 die
1672 1767 1732 1800 ex
1761 1750 1939 1799 iisdem

241 1822 363 1871 locis
396 1823 600 1887 sanguis
632 1823 928 1872 detrahatur
959 1826 1010 1873 et
1041 1824 1213 1873 eodem
1241 1824 1389 1873 modo
1421 1826 1626 1873 curetur
1653 1824 1938 1886 hordeoque
1962 1839 2006 1871 2⁰

241 1896 555 1945 abstineatur
592 1897 772 1962 exiguo
810 1898 957 1947 faeno
1005 1898 1136 1947 dato.
1226 1900 1277 1946 et
1324 1900 1442 1961 post
1487 1897 1714 1946 triduum
1763 1898 1938 1947 deinde

239 1985 401 2032 usque
448 1971 501 2018 in
547 1971 678 2019 diem
724 1974 921 2020 sextum
963 1972 1102 2035 porri
1140 1987 1289 2020 sucus
1334 1971 1496 2020 instar
1539 1972 1696 2020 trium
1735 1972 1938 2035 cyatho-

242 2060 356 2092 rum
410 2045 597 2093 mixtus
652 2061 767 2094 cum
821 2046 920 2095 olei
965 2046 1091 2095 hem.
1147 2045 1378 2094 faucibus
1427 2062 1518 2109 per
1571 2062 1725 2095 cornu
1771 2046 1937 2094 infun-

245 2119 406 2166 datur.
477 2121 594 2181 post
632 2121 827 2168 sextum
867 2120 999 2168 diem
1035 2120 1168 2169 lente
1206 2119 1431 2168 incedere
1471 2122 1695 2184 cogatur,
1735 2122 1786 2169 et
1824 2136 1939 2170 cum

244 2192 592 2257 ambulaverit,
632 2193 685 2241 in
723 2194 968 2256 piscinam
998 2194 1135 2243 mitti
1166 2194 1412 2258 convenit,
1450 2194 1525 2242 ita
1555 2196 1616 2242 ut
1645 2196 1799 2243 natet.
1867 2194 1936 2243 sic
1960 2206 2004 2239 25

243 2267 494 2327 paulatim
516 2266 819 2316 firmioribus
843 2268 965 2316 cibis
991 2268 1227 2316 adhibitis
1253 2268 1317 2316 ad
1340 2267 1609 2316 sanitatem
1631 2268 1935 2330 perducitur.

371 2442 394 2481 1
428 2452 585 2482 amare
609 2441 624 2496 ιΙ
648 2443 674 2482 3
708 2438 926 2506 detrahes
956 2438 1023 2482 R¹
1056 2425 1278 2484 detrahes
1310 2440 1449 2484 Polit.
1482 2453 1647 2484 manus
1670 2442 1685 2497 ΙΙ
1711 2446 1736 2483 5
1754 2440 1930 2513 ysopi!

251 2496 455 2541 absinthi
483 2499 490 2552 Ι
517 2497 774 2542 habrotoni
803 2498 850 2542 R
895 2501 1000 2552 (om.
1032 2498 1098 2554 H,
1145 2498 1278 2543 habet
1322 2498 1386 2554 P)
1413 2506 1419 2553 ι
1447 2497 1600 2542 σύκων
1630 2506 1685 2555 γό
1719 2497 1765 2557 β’
1800 2499 1936 2558 ΗΡΗ

243 2560 269 2599 9
306 2559 451 2600 cornu
499 2558 513 2614 ΙΙ
541 2561 590 2600 11
626 2558 738 2614 api!
771 2571 916 2614 ysopo
956 2558 971 2614 ΙΙ
1012 2561 1172 2600 13.14
1201 2558 1378 2602 inverso
1408 2558 1567 2602 ordine
1605 2559 1659 2602 in
1696 2558 1845 2602 codice
1876 2558 1935 2602 le-

244 2619 422 2681 quntum·
459 2616 474 2672 ΙΙ
516 2620 569 2659 15
601 2616 760 2660 leserit
786 2619 794 2673 Ι
822 2616 1052 2660 dimiserit
1073 2616 1088 2672 11
1117 2620 1168 2660 16
1199 2614 1378 2683 polline
1411 2618 1426 2674 ΙΙ
1459 2621 1511 2661 17
1545 2615 1770 2672 sanguine
1804 2616 1896 2661 C'ol.
1925 2617 1932 2676 Ι

250 2672 440 2718 inmisto
470 2675 477 2731 Ι
505 2675 896 2719 armilianuantur
934 2676 950 2732 ΙΙ
990 2679 1045 2718 18
1078 2674 1322 2720 exanietur
1343 2676 1360 2731 ΙΙ
1385 2680 1439 2719 19
1473 2675 1531 2719 ad
1571 2675 1761 2719 modum
1789 2674 1797 2733 Ι
1824 2689 1936 2730 quo-

247 2733 359 2790 que]
394 2746 482 2788 que
518 2736 525 2790 Ι
560 2733 744 2777 hisdem
775 2737 790 2791 ΙΙ
820 2739 877 2778 23
923 2733 1088 2777 mistus
1119 2736 1134 2792 ΙΙ
1166 2738 1224 2778 24
1261 2733 1497 2792 incedere]
1542 2733 1727 2787 ingredi
1760 2735 1853 2779 Col
1894 2740 1936 2780 et

252 2790 406 2847 Ve9.11
439 2796 494 2835 25
536 2792 723 2836 demitti
762 2794 848 2847 (vel
892 2792 1085 2849 dimitti)
1133 2807 1239 2837 eum
1287 2793 1533 2837 conveniet
1573 2792 1664 2837 C'ol.
1695 2795 1711 2848 ΙΙ
1754 2797 1811 2837 26
1856 2795 1934 2838 ad-

242 2849 431 2964 hibiti)s]
467 2851 652 2895 adiutus
686 2853 745 2896 ad
775 2852 902 2895 iusta
930 2852 1224 2908 perducetur
1251 2851 1342 2897 001.
1375 2852 1495 2910 vuly.
1537 2850 1782 2908 (adhibitis
1813 2851 1935 2897 San-

235 2921 358 2967 qerm
