2060 3232
1153 790 1301 823 Nullius
1323 791 1377 822 rei
1398 791 1542 822 scientia
1565 791 1646 823 vilis
1669 794 1729 823 est.

1197 848 1330 889 veget.
1355 848 1558 881 mulomed.
1582 849 1701 888 praef.
1727 850 1755 889 §-
1773 850 1804 882 9.

269 943 310 992 L
356 942 502 992 Anno
531 944 672 991 1826
705 942 992 990 Florentiae
1022 942 1211 1004 prodiit
1243 937 1513 1003 ‘Pelaqonz‘i
1545 943 1851 992 Vetertnaria

159 1031 215 1066 ex
260 1017 594 1066 Richardiano
642 1017 798 1065 codice
851 1018 1114 1076 exscripta
1137 1019 1180 1064 et
1223 1032 1255 1065 a
1299 1017 1487 1064 ‘mendis
1522 1020 1743 1077 puryata
1789 1017 1850 1065 ab

156 1091 362 1151 Iosepho
415 1090 726 1146 SarchianiO,
779 1104 910 1138 nwnc
954 1092 1178 1151 primam
1232 1091 1359 1138 edita
1413 1105 1533 1138 cara
1581 1089 1633 1139 Ο.
1676 1089 1850 1140 Cionii.

157 1162 356 1213 Accedit
383 1163 665 1229 Sarchianii
693 1165 849 1212 versio
880 1158 1095 1212 Italica.9
1143 1163 1297 1212 codex
1320 1163 1678 1212 Riccardianus
1702 1164 1850 1212 hodie

97 1234 101 1237 ⁴
156 1254 205 1286 n.
242 1240 382 1287 1179
432 1238 726 1286 chartaceus
772 1238 806 1285 f.
843 1239 1020 1286 1—28
1069 1237 1331 1300 Pelagonii
1374 1237 1604 1285 libellum
1650 1238 1852 1287 exhibet

160 1327 276 1360 cum
298 1311 393 1359 hac
417 1311 605 1375 Angeli
628 1311 871 1360 Politiani
894 1311 1261 1373 subscriptione
1292 1311 1324 1359 f.
1353 1304 1459 1359 28':
1491 1311 1642 1359 Hanc
1672 1312 1852 1360 libram

158 1387 217 1434 de
235 1387 390 1434 codiee
406 1400 671 1445 sanequam
693 1388 874 1433 vetusto
898 1385 1117 1445 Anyelas
1140 1385 1414 1433 Potitianas
1437 1385 1660 1434 Medicae
1682 1387 1853 1434 domas

159 1459 388 1507 abamnus
427 1462 472 1507 et
508 1461 718 1507 laurenti
756 1460 903 1507 eliens
934 1461 1124 1507 curavit
1154 1459 1527 1507 eoescribendum.
1588 1459 1720 1507 Dein
1749 1462 1853 1519 ipse

158 1547 268 1581 cam
306 1534 570 1593 eoeemplari
607 1533 828 1580 contulit:
867 1536 911 1580 et
947 1535 1076 1581 certa
1105 1533 1202 1591 fide
1233 1533 1514 1580 emendavit.
1575 1533 1661 1581 Ita
1691 1536 1853 1581 tamen

157 1610 214 1654 ut
250 1607 311 1654 ab
349 1607 432 1654 illo
469 1609 681 1653 mutaret
715 1606 865 1671 nihil,
910 1607 995 1654 sed
1035 1609 1084 1655 ,et
1128 1620 1251 1665 qaae
1296 1607 1565 1666 depravata
1602 1608 1852 1662 inveniret,

156 1680 446 1739 relinqueret
481 1682 687 1734 intacta,
725 1694 877 1740 neque
907 1694 1051 1728 saum
1082 1694 1235 1728 ausus
1266 1683 1335 1728 est
1370 1694 1589 1740 unquam
1617 1681 1853 1729 iudicium

157 1755 471 1813 interponere.
535 1753 674 1814 Quod
718 1755 763 1802 si
798 1755 995 1814 priores
1031 1755 1302 1802 institutam
1348 1757 1644 1802 servassent:
1688 1756 1854 1803 minas

156 1828 305 1875 multo
342 1828 593 1876 mendosos
631 1829 812 1876 codices
849 1828 1145 1876 haberemus,
1209 1826 1303 1888 Qui
1349 1828 1465 1888 leqts
1513 1829 1624 1876 boni
1662 1830 1854 1877 consule

158 1904 200 1948 et
221 1901 341 1949 vale.
380 1899 539 1960 Flor(
535 1901 711 1962 entiae)
738 1916 867 1950 anno
883 1899 1331 1950 MOOOOLXXX
1337 1901 1384 1950 V
1401 1902 1657 1950 Decembri
1678 1917 1851 1951 mense.

157 1973 217 2021 de
250 1974 523 2037 archetypo
557 1978 729 2023 autem
760 1975 893 2023 unde
928 1974 1307 2023 exscribendum
1340 1975 1538 2024 curavit
1567 1975 1851 2024 Politianus

157 2047 287 2095 nihil
315 2051 579 2110 praeterea
612 2049 819 2097 scimus:
851 2049 1061 2111 periisse
1092 2049 1350 2111 putandus
1384 2050 1460 2097 est
1484 2051 1545 2096 ut
1566 2048 1852 2098 Marcianus

158 2120 366 2169 Catonis
407 2124 459 2170 et
497 2122 738 2171 Varronis
777 2122 1023 2171 librorum
1069 2122 1129 2171 de
1176 2139 1230 2171 re
1275 2122 1468 2170 rustica
1515 2122 1671 2170 codex
1723 2124 1850 2171 anti-

159 2194 452 2257 quissimus,
494 2211 645 2258 quem
683 2211 798 2244 cum
834 2197 1062 2259 principe
1102 2196 1317 2245 editione
1358 2195 1659 2258 scriptorum
1698 2197 1758 2244 de
1797 2213 1852 2245 re

157 2269 350 2316 rustica
380 2269 514 2316 idem
537 2269 615 2318 vir
647 2269 966 2318 doctissimus
999 2270 1285 2317 Florentiae
1319 2285 1361 2318 a.
1392 2271 1531 2317 1482
1566 2271 1783 2318 contulit
1795 2264 1851 2338 1).

157 2341 420 2405 Pelagonii
450 2343 670 2390 codicem
708 2359 808 2391 non
848 2343 1240 2391 contemnendae
1277 2343 1544 2392 vetustatis
1574 2343 1730 2392 fuisse
1762 2344 1851 2392 ho-

157 2415 339 2478 dieque
371 2431 431 2463 ex
460 2416 789 2465 Riccardiano
813 2417 1030 2479 perspici
1060 2419 1244 2479 potest.
1290 2432 1409 2464 nam
1430 2419 1491 2464 ut
1514 2417 1616 2464 alia
1639 2420 1851 2481 taceam,

156 2489 412 2551 particula
450 2490 632 2552 capitis
662 2490 737 2538 IV
775 2484 916 2556 (edit.
951 2490 1231 2539 Sarchianii
1268 2508 1314 2553 p.
1352 2493 1420 2539 25
1447 2486 1571 2553 seq.)
1622 2506 1652 2538 a
1692 2491 1853 2539 scriba

160 2562 344 2610 omissa
381 2563 433 2609 in
471 2564 698 2625 margine
737 2564 935 2612 adiecta
972 2564 1164 2628 legitur
1201 2564 1442 2613 Politiani
1479 2579 1634 2612 manu
1663 2565 1854 2627 scripta

281 2718 325 2774 1)
355 2716 581 2762 Politiani
612 2718 850 2775 exemplar
881 2733 1002 2763 nunc
1033 2718 1083 2762 in
1114 2717 1303 2774 publica
1326 2717 1615 2762 bibliotheca
1637 2719 1850 2764 Parisina

161 2779 388 2820 servatur.
451 2777 509 2821 de
549 2776 648 2820 eius
689 2780 796 2834 post
835 2777 1059 2823 Varronis
1099 2777 1245 2822 libros
1286 2776 1626 2833 subscriptione
1665 2778 1849 2822 Riccar-

162 2834 330 2878 dianae
360 2835 500 2891 plane
532 2835 676 2879 simili
706 2835 814 2880 vide
845 2835 1038 2881 Henrici
1068 2835 1211 2881 Keilii
1241 2837 1291 2880 in
1324 2836 1513 2881 Catonis
1546 2837 1594 2879 et
1622 2835 1847 2882 Varronis

163 2892 418 2937 editionem
449 2894 595 2950 praef.
618 2894 653 2939 Ι.
685 2910 730 2952 p.
755 2895 811 2940 V.

249 2974 333 3006 Imn
341 2998 351 3016 ,
372 2975 614 3016 Pelagoniae.
1557 2972 1580 3010 1
