2060 3232
780 141 1174 193 —141—

128 270 352 315 σκευασία
377 266 440 314 ὧν
465 270 653 315 διδόασι
677 267 727 314 οἷ
745 270 1067 315 Καππαδόκαι
1085 271 1317 329 (διδοῦσιν
1342 270 1391 314 οἱ
1403 272 1720 324 Καππαδόκες
1737 274 1815 330 Μ)

128 335 225 381 τοῖς
255 333 437 380 λεπτοῖς
476 331 649 380 ἵπποις.
710 331 883 386 κριθῆς
921 331 1114 386 μοδίους
1151 329 1216 386 γ’,
1257 327 1469 388 φάβατος
1508 329 1570 384 ξέ.
1610 331 1674 388 γ’,
1715 328 1815 389 ε’ρε-

130 390 303 448 βίνθου
351 387 414 442 ξέ.
455 388 522 444 η’,
563 389 763 444 φασίλου
803 388 1080 444 (φασιούλου
1120 390 1180 444 P)
1227 390 1290 443 ξέ.
1331 388 1397 444 η’,
1437 388 1607 449 ὀρόβου
1654 388 1716 444 ξέ.
1750 391 1813 450 β’,

131 449 264 492 οἴνου
297 445 359 502 ξέ.
395 446 445 506 β’
477 450 570 491 κτλ.
620 448 799 492 omittit
828 447 975 504 igitur
1005 448 1236 502 triticum;
1268 461 1409 494 uvam
1439 452 1598 492 autem
1628 462 1815 504 passam

129 509 176 552 et
205 507 421 551 nucleum
463 506 514 549 in
552 507 680 551 calce
718 506 855 564 ponit
891 506 983 551 ita:
1026 504 1076 551 οἴ
1110 506 1162 551 δὲ
1201 508 1351 567 Σύροι
1389 507 1729 567 προσβάλλουσι
1758 513 1813 567 τῇ

127 567 250 623 μίξει
279 564 425 623 ταύτῃ
458 567 707 625 στροβίλων
739 564 903 621 ξέστην
936 563 1035 621 ἕνα,
1068 569 1308 622 σταφίδων
1333 564 1496 623 ξέστην
1530 565 1816 611 ἕναδιδοῦσι

131 624 183 669 δὲ
210 621 288 669 ἐπὶ
311 623 507 681 ἡμέραις
531 620 648 669 ἔπτὰ
672 621 831 670 έστῶτι
856 624 908 672 ἐν
931 629 986 686 τῇ
1012 623 1294 689 ἴπποστασίᾳ
1310 632 1538 684 σκοτεινῇ,
1551 625 1815 682 κατάξηρον

124 679 292 744 ἐχούσῃ
303 682 478 743 (ἐχούσι
488 685 618 742 Η)τὸ
637 683 827 741 ἔδαφος.
838 685 1158 742 Pelagoniana
1169 687 1344 732 Graece
1363 689 1472 731 sunt
1488 686 1545 730 H
1558 689 1643 729 185
1661 687 1815 729 Πελα-

123 745 295 800 γωνίου
322 745 387 796 εἰς
417 744 468 790 τὸ
493 746 621 790 αὐτό.
655 747 836 801 κριθῶν
861 746 1054 803 μοδίους
1075 750 1198 802 τρεῖς
1209 749 1302 791 κτλ.
1322 767 1378 782 =
1398 746 1457 788 Μ
1466 749 1521 790 27
1541 744 1626 802 εἶμ’
1661 746 1816 788 Πελα-

122 805 296 859 γωνιόυ
321 804 438 863 πρὸς
469 803 723 860 λεπτότητα
755 804 886 858 ζώου.
940 805 1058 859 Veg.
1083 805 1126 847 lI
1153 809 1221 858 18,
1247 808 1424 849 23—25
1456 818 1512 848 ex
1542 803 1812 861 Pelagonio.

242 863 462 922 brecta]
498 865 554 909 cf.
579 863 870 918 Eichenfeld,
902 863 1069 908 Annal.
1095 863 1293 909 Vindob.
1320 868 1379 907 44
1402 879 1446 920 p.
1468 867 1566 908 145.
1586 862 1815 920 Stephani

120 920 326 968 thesaur.
352 939 386 970 s.
411 938 454 968 v.
490 921 683 982 βρεκτόν
715 923 824 978 (vol.
850 921 894 965 H
916 923 987 967 ed.
1014 937 1053 968 a.
1083 926 1229 971 1833).

240 982 539 1039 paululum
581 996 637 1027 se
681 982 996 1039 subsioeet]
1041 981 1124 1026 καὶ
1167 981 1219 1027 τὸ
1260 981 1386 1039 ὕδωρ
1425 981 1631 1032 κενώσας
1672 980 1811 1026 ἔασον

122 1040 423 1098 ξηρανθῆναι
453 1041 619 1099 μικρόν
643 1042 702 1086 Η
722 1045 820 1086 185.
855 1041 912 1086 cf.
936 1041 1096 1098 Pelag.
1123 1045 1179 1086 89
1203 1042 1320 1097 folia
1343 1042 1549 1098 cupressi
1570 1042 1810 1086 subsiccas.

124 1097 218 1204 Cobl.
244 1101 309 1144 VI
336 1106 404 1158 14,
429 1104 455 1144 5
482 1102 678 1158 vulgata
701 1099 843 1146 lectio
870 1101 944 1144 est
973 1101 1271 1157 subsiccatur,
1298 1100 1608 1145 Schneiderus
1633 1101 1811 1157 recepit

117 1172 173 1204 su
203 1159 224 1204 i
251 1161 362 1206 itm.

221 1173 300 1265 925
333 1220 391 1264 H
412 1224 496 1265 185
529 1225 655 1263 σῖτον
679 1216 1010 1275 πεφρυγμένον
1034 1218 1173 1262 ’ὕδατι
1196 1218 1278 1261 καὶ
1301 1216 1447 1275 μέλιτι
1471 1216 1664 1275 μιγέντα
1686 1217 1805 1262 καθ’

120 1273 321 1335 ἑκάστην
352 1278 533 1336 ἡμέραν
566 1278 676 1323 ὅσον
705 1276 871 1336 μοδίου
902 1282 1138 1334 ποσότητα
1162 1279 1298 1322 δίδου
1324 1273 1402 1321 ἐπὶ
1424 1276 1619 1335 ἡμέραις
1650 1278 1808 1323 εἴκοσι.

124 1337 187 1380 Μ
205 1342 261 1382 28
295 1339 378 1396 (ξδ’
414 1338 524 1382 ἄλλο
557 1338 787 1395 σύντομον
819 1336 901 1381 καὶ
931 1336 1091 1382 καλόν,
1155 1338 1351 1381 eandem
1384 1340 1664 1382 structuram
1694 1337 1811 1380 laxi-

54 1402 58 1407 “
127 1410 255 1440 orem
285 1422 346 1432 ——-
375 1397 543 1442 melius
583 1401 708 1442 esset
745 1398 891 1442 tritici
927 1398 1165 1451 torrefacti
1202 1422 1262 1430 —
1291 1395 1454 1440 multis
1492 1396 1810 1452 deprehendes

122 1454 253 1512 locis,
284 1455 418 1501 velut
448 1460 549 1501 235.
574 1461 675 1502 245,
701 1460 801 1501 247.
827 1459 927 1501 301.
977 1454 1151 1500 Colum.
1178 1455 1243 1499 VI
1267 1459 1338 1512 30,
1364 1459 1388 1498 1
1421 1454 1632 1500 triticum
1660 1456 1809 1500 torre-

118 1514 296 1559 factum
329 1516 640 1571 commendat,
672 1518 714 1561 si
742 1516 871 1560 sanis
902 1519 966 1560 est
995 1516 1173 1560 macies.

239 1575 492 1619 modium
548 1573 920 1633 castrensem]
975 1573 1151 1629 passim
1207 1573 1255 1617 in
1307 1572 1476 1617 Edicto
1524 1573 1807 1619 Diocletiani

117 1633 379 1679 kastrensis.
440 1634 629 1692 Apsyrt.
663 1634 805 1691 Hipp.
843 1638 931 1678 300
962 1632 1213 1690 ἡμιμόδιον
1246 1634 1294 1677 et
1325 1632 1491 1690 μόδιον
1523 1633 1804 1691 καστρίσιον.

120 1691 178 1736 cf.
204 1692 406 1738 Hultsch
444 1693 628 1738 Metrol.
662 1694 821 1750 script.
846 1693 980 1749 reliq.
1005 1693 1026 1736 Ι
1058 1707 1102 1749 p.
1129 1698 1201 1737 41.
1239 1692 1300 1736 id.
1336 1691 1518 1736 Griech.
1558 1708 1602 1736 u.
1642 1692 1804 1737 Roem.

117 1751 387 1810 Metrol.²p.
415 1758 512 1798 616.
541 1758 627 1798 629
654 1767 748 1809 seq.

238 1811 301 1856 26
346 1811 475 1857 Duae
521 1813 684 1857 extant
722 1811 1044 1856 conversiones
1083 1811 1142 1855 H
1162 1815 1246 1855 186
1297 1810 1405 1867 περὶ
1453 1808 1718 1868 ἰσχνότητος
1757 1812 1806 1854 et

118 1870 177 1914 H
194 1875 281 1916 276
314 1873 616 1930 Πελαγωνίου
648 1870 757 1928 περὶ
787 1868 1205 1928 ἀναξηρανθέντος
1235 1868 1463 1927 δέρματος
1485 1870 1567 1927 (Μ
1579 1875 1660 1914 109
1678 1868 1805 1927 rpq').

237 1932 384 1986 quod
422 1946 596 1986 genus
634 1930 927 1989 passionis
967 1929 1342 1974 mulomedici
1381 1929 1806 1985 coriaginosum

117 1990 441 2050 appellant]
467 1990 698 2049 interpres
722 1992 924 2044 utroque
948 1990 1054 2034 loco
1079 1989 1270 2034 omittit.
1318 1989 1375 2033 de
1400 1989 1638 2044 coriagine
1662 1987 1805 2032 boum

116 2063 160 2093 v.
186 2050 282 2094 Col.
308 2051 373 2094 VI
399 2057 469 2105 13,
494 2056 519 2094 2
553 2050 680 2106 (inde
704 2050 822 2106 Veg.
845 2047 910 2092 IV
936 2050 1022 2105 12).

237 2109 296 2154 27
334 2111 397 2154 Μ
419 2114 503 2155 109
528 2109 653 2167 ‘tpqoc‘
688 2108 798 2153 ἄλλο
830 2106 1069 2165 χρήσιμον.
1134 2107 1362 2163 ἄγρωστιν
1400 2104 1549 2163 ἤνπερ
1587 2104 1809 2156 πολλάκις

119 2165 168 2212 οἷ
196 2170 391 2226 γεωργοὶ
421 2173 483 2228 τῷ
516 2169 696 2228 ἀρότρῳ
736 2169 1096 2224 ἀποτέμνουσιν,
1129 2165 1333 2220 συνάξας
1372 2164 1485 2222 ὅσην
1529 2165 1685 2224 βούλει
1726 2163 1808 2208 καὶ

119 2227 298 2278 πλύνας
328 2230 573 2284 καθαρίσας
603 2228 718 2285 μετὰ
749 2232 931 2285 κριθῶν
962 2226 1044 2270 καὶ
1076 2226 1261 2283 ἀχύρων
1300 2228 1477 2269 λεπτῶν
1517 2226 1652 2268 δίδου
1684 2221 1802 2267 καθ’

122 2281 334 2342 ἑκάστην.
399 2287 624 2345 χρήσιμόν
663 2284 771 2331 ἐστι.
834 2289 917 2332 καὶ
962 2285 1050 2343 γὰρ
1093 2286 1265 2336 πώλοις
1303 2283 1475 2342 μικρὰν
1516 2282 1700 2340 ἔχουσιν
1740 2281 1808 2327 ε”τι

119 2344 206 2401 τὴν
222 2344 408 2400 ἡλικίαν
421 2353 557 2391 τοῦτο
575 2345 894 2406 συμβάλλεται.
927 2346 1017 2389 huc
1035 2343 1448 2402 spectantVegetii
1463 2344 1605 2388 verba
1615 2342 1806 2397 ΙΙ28,25

117 2409 352 2461 praeterea
393 2407 617 2462 yramiriis
672 2408 872 2463 radices,
921 2418 1036 2463 quas
1082 2409 1291 2449 aratrum
1336 2405 1591 2460 frequenter
1636 2404 1806 2456 evertit,

115 2465 316 2509 studiose
338 2466 496 2522 collige
515 2471 737 2523 quantum
741 2467 946 2522 potueris
963 2467 1178 2522 (quantas
1187 2464 1395 2520 potueris
1403 2464 1447 2518 Id)
1466 2466 1507 2507 et
1524 2463 1640 2506 lotas
1655 2462 1806 2505 miuu-

120 2524 255 2568 tatim
277 2526 461 2569 concide
482 2526 732 2582 hordeoque
756 2527 983 2570 commisce
1006 2527 1047 2568 et
1069 2523 1234 2568 cotidie
1258 2523 1478 2580 praebere
1501 2534 1594 2566 riori
1617 2521 1805 2564 dubites.

238 2582 300 2627 28
332 2583 389 2627 H
410 2587 494 2628 186
526 2582 734 2642 θέρμους
763 2583 1036 2642 ἡψημένους
1066 2582 1148 2627 καὶ
1170 2585 1351 2638 γλυκεῖς
1375 2579 1488 2624 ὥστε
1512 2579 1594 2623 καὶ
1617 2578 1806 2635 ἄνθρω-

119 2656 212 2685 πον
244 2642 486 2688 δύνασθαι
509 2644 679 2695 αὐτοὺς
703 2641 899 2699 ἐσθίειν,
933 2641 999 2694 εἰς
1029 2641 1170 2700 κόρον
1202 2645 1264 2700 τῷ
1289 2641 1386 2700 ζώῳ
1409 2639 1614 2697 πρόσαγε
1639 2636 1805 2694 μόδιον

121 2699 239 2744 καθ’
274 2698 452 2758 ἡμέραν
483 2703 657 2755 διδούς.
707 2702 752 2748 εἰ
779 2702 831 2748 δὲ
856 2703 917 2761 μὴ
944 2699 1055 2747 ὦσιν
1089 2699 1137 2746 οἵ
1156 2699 1329 2758 θέρμοι
1351 2702 1545 2756 γλυκεῖς,
1578 2699 1807 2754 στρόφους

120 2755 172 2803 έν
203 2764 265 2819 τῷ
298 2761 394 2813 ζώω
425 2761 710 2818 κινήσουσιν.
736 2785 792 2800 =
817 2763 880 2808 M
898 2767 955 2807 28
981 2760 1072 2820 (ἧδ’.

238 2819 301 2864 29
333 2806 390 2863 Η
409 2825 493 2866 186
523 2821 738 2866 κάστανα
770 2820 836 2873 εἰς
867 2829 1078 2879 φοῦρνον
1122 2818 1359 2878 φρυγέντα
1399 2815 1450 2863 ἐν
1490 2817 1610 2877 ὅλμῳ
1651 2816 1805 2871 κόψας

117 2877 345 2935 σύμμιξον
383 2885 484 2931 ταῖς
522 2883 735 2938 κριθαῖς,
773 2882 834 2939 μὴ
875 2880 1001 2926 πάνυ
1042 2883 1214 2931 λεπτῶς
1258 2881 1429 2936 τρίψας
1478 2878 1559 2922 καὶ
1603 2880 1665 2935 τῷ
1706 2878 1802 2936 ζώῳ

117 2938 281 2990 διδοὺς
311 2939 634 2997 θεραπεύσεις.
660 2963 716 2979 =
740 2941 804 2985 M
821 2947 877 2987 28
911 2940 1007 3001 (ἧς’.
