2060 3232
838 149 1162 200 -9-

160 291 410 339 adhibetur
441 302 499 337 ac
534 288 772 336 viridibus
801 287 958 335 herbis
1050 284 1182 349 ὃρων
1224 281 1430 343 ἁπαλοῖς
1474 283 1704 351 ἀκρέμοσι
1740 305 1846 354 τρε-

161 364 580 421 cacuminibusque
618 362 849 410 arborum
884 375 957 408 rc·
1049 356 1224 421 φέσθω
1258 355 1394 425 μέχρι
1424 365 1511 423 τῆς
1543 359 1665 408 κατὰ
1690 361 1845 424 φύσιν

158 441 350 485 creatur
394 438 639 496 aegrotum
673 448 827 495 pecus
872 428 958 499 (cf.
1047 430 1245 498 ὑγιείας.

159 510 330 573 Pelag.
365 505 512 573 108).

189 582 291 632 Col.
307 582 378 630 VI
397 584 545 645 30,1.
562 583 590 629 2
611 575 925 647 (Pelag.30).
1078 580 1276 628 Eumol.
1306 579 1458 642 Hipp.
1494 581 1616 627 184.

307 656 379 704 v1
398 658 483 719 30,
499 657 544 703 3.
1301 653 1454 716 Hipp.
1487 655 1608 702 257.

307 729 379 777 VI
398 731 481 791 30,
502 731 531 778 5
558 723 751 791 (Pelag.
777 721 889 792 47).
1301 726 1454 790 Hipp.
1488 729 1609 775 248.

306 803 379 851 VI
398 805 482 866 39,
503 804 548 850 6.
566 805 595 850 7
612 795 807 868 (Pelag.
827 795 936 868 43).
1077 801 1258 862 Miller,
1275 800 1390 849 Not.
1402 803 1452 849 et
1465 801 1674 849 extraits
1683 801 1799 849 XXI
1814 804 1846 849 2

304 948 374 995 VI
396 950 479 1012 33,
501 951 544 997 1.
563 941 954 1014 2(Pe1ag.437).
1076 947 1274 995 Eumel.
1307 947 1458 1011 Hipp.
1493 950 1576 997 47.

303 1022 377 1070 VI
396 1024 479 1086 34,
503 1025 545 1071 1.
1027 1054 1030 1056 .
1077 1021 1226 1084 Hipp.
1255 1023 1361 1070 300
1387 1022 1579 1087 (Miller
1608 1023 1639 1072 l.
1666 1038 1704 1071 c.
1743 1024 1845 1071 136

1150 1089 1432 1162 Εὐμήλου).

158 1170 273 1219 alia.

265 1243 344 1291 Ex
390 1242 639 1291 contrario
697 1242 911 1290 iudicari
958 1241 1239 1290 Columella
1285 1258 1316 1290 a
1364 1241 1552 1291 Graeco
1603 1243 1848 1305 scriptore

156 1332 249 1366 sua
293 1316 530 1379 petivisse
569 1316 653 1365 vix
697 1316 908 1378 poterit,
955 1316 1225 1364 Eumelum
1270 1317 1480 1378 propius
1528 1317 1592 1364 ad.
1639 1317 1849 1380 Apsyrti

155 1393 385 1454 tempora
432 1406 584 1453 quam
631 1390 696 1437 ad
743 1390 1000 1438 saeculum
1049 1388 1161 1438 Chr.
1208 1390 1429 1452 primum
1469 1390 1702 1438 accedere
1740 1391 1848 1439 veri

157 1468 234 1513 est
273 1463 488 1512 similius
518 1479 681 1526 neque
712 1463 765 1510 in
795 1465 939 1512 tanto
980 1479 1227 1512 consensu
1256 1466 1532 1527 utrumque
1572 1481 1631 1512 ex
1671 1465 1847 1512 eodem

155 1539 294 1587 fonte
332 1538 558 1585 hausisse
595 1552 801 1600 possum
840 1537 1021 1585 adduci
1058 1539 1119 1585 ut
1157 1537 1371 1585 credam.

267 1611 347 1658 Ab
379 1611 601 1674 Apsyrto
633 1613 774 1659 totus
804 1611 991 1673 pendet
1022 1610 1281 1659 Hierocles
1313 1611 1393 1660 vir
1423 1611 1548 1659 iuris
1579 1610 1774 1673 peritus
1786 1606 1847 1675 ¹),

156 1685 246 1748 qui
292 1701 391 1748 quo
437 1687 662 1747 tempore
709 1683 866 1732 libros
914 1685 1038 1733 duos
1091 1682 1203 1750 περὶ
1256 1683 1422 1733 ἵππων
1466 1684 1736 1750 θεραπείας
1782 1686 1846 1732 ad

156 1760 373 1807 Bassum
419 1757 637 1806 amicum
691 1759 1044 1820 conscripserit
1086 1774 1269 1821 parum
1314 1753 1584 1824 constat2).
1654 1759 1848 1807 doctior

157 1833 271 1881 aliis
308 1834 575 1895 poetarum
614 1832 1017 1895 scriptorumque
1049 1836 1280 1881 veterum
1312 1833 1446 1881 dicta
1479 1833 1695 1881 orationi
1727 1848 1846 1881 suae

157 1907 285 1955 solet
323 1907 563 1966 inserere,
603 1921 718 1954 cum
759 1907 913 1953 ceteri
951 1907 1074 1954 satis
1113 1906 1333 1955 habeant
1370 1906 1660 1955 morborum
1700 1907 1847 1970 signa

157 1995 403 2042 curasque
445 1980 732 2041 exposuisse
772 1980 954 2042 spretis
995 1980 1235 2028 orationis
1275 1981 1419 2028 cultu
1456 1980 1844 2044 pigmentisque.

155 2056 358 2115 praeter
404 2054 706 2117 Apsyrtum,
757 2069 906 2116 quem
954 2054 1017 2102 ad
1070 2053 1280 2103 verbum
1332 2054 1662 2102 transcribere
1718 2056 1848 2102 solet

157 2127 460 2190 saepiusque
520 2129 765 2175 memorat
781 2121 851 2193 3),
914 2130 1143 2176 auctores
1205 2128 1383 2175 laudat
1445 2121 1848 2191 Tarentinum4),

278 2242 321 2294 1)
368 2237 509 2294 Hipp.
550 2242 576 2280 2
624 2234 723 2281 ἀλλ’
769 2235 813 2281 εἰ
849 2237 929 2281 καὶ
967 2237 1251 2282 κατακούειν
1290 2237 1412 2294 ἡμᾶς
1452 2232 1622 2310 ἑτέρων
1660 2235 1719 2280 τὰ
1758 2243 1846 2281 νῦν

157 2294 299 2356 ἐχρῆν
333 2295 383 2341 ἔν
414 2313 462 2341 τε
496 2297 813 2353 δικαστηρίοις
842 2294 1067 2364 παρέχειν
1098 2298 1261 2354 χρείαν
1292 2302 1388 2347 τοῖς
1420 2294 1661 2353 δεομένοις
1691 2299 1784 2340 κτλ.

276 2360 320 2411 2)
347 2356 491 2400 Primi
522 2355 631 2400 libri
661 2357 950 2435 prooemium
984 2361 1113 2400 extat
1144 2372 1187 2412 p.
1215 2362 1350 2412 2sq.‚
1385 2357 1575 2400 secundi
1598 2370 1645 2411 p.
1672 2359 1755 2400 172
1775 2369 1845 2411 sq.

157 2415 214 2461 cf.
247 2431 291 2472 p.
320 2420 403 2459 171
439 2412 628 2472 ’μέτρον
660 2414 867 2471 αριστον’
903 2412 1035 2460 εἶπεν
1066 2421 1202 2459 τοῦτο
1235 2422 1394 2490 σοφῶν
1432 2431 1502 2466 τις
1541 2410 1593 2459 ἔν
1625 2413 1847 2471 ἀποφθέ-

156 2488 350 2532 γμασιν,
389 2467 425 2534 ᾧ
469 2473 555 2530 χρὴ
587 2472 904 2529 πειθομένους
941 2480 1078 2518 τοῦτο
1120 2472 1268 2531 πέρας
1311 2471 1554 2519 ἐπιθεῖναι
1591 2480 1647 2530 τῇ
1686 2475 1845 2531 πρώτῃ

155 2534 312 2594 βίβλῳ.
373 2548 418 2589 p.
453 2537 509 2576 52
549 2534 802 2588 κολλυρίων
842 2531 895 2577 δὲ
936 2531 1197 2589 διαφόρους
1236 2533 1484 2584 συνθέσεις
1523 2532 1734 2590 εὑρήσεις
1770 2549 1847 2590 γε-

156 2588 425 2659 γραμμένας
456 2587 508 2637 ἐν
537 2596 601 2652 τῷ
634 2590 836 2651 δευτέρῳ
868 2608 957 2649 μου
983 2593 1156 2652 βιβλίῳ.
1212 2592 1366 2648 ipsum
1391 2593 1655 2636 Hieroclem
1679 2605 1846 2648 corpus

155 2649 554 2708 Hippiatricorum
611 2652 947 2706 composuisse,
1002 2654 1128 2707 quod.
1180 2651 1372 2696 voluere
1426 2651 1642 2707 quidam,
1697 2664 1847 2706 nuper

155 2710 475 2754 Krumbacher
518 2709 692 2754 Histor.
740 2708 884 2755 litter.
924 2710 993 2766 By
997 2711 1120 2754 zant.
1164 2711 1319 2767 (1891)
1365 2725 1410 2766 p.
1445 2715 1499 2754 67
1524 2724 1590 2765 sq.
1648 2709 1849 2754 coniecit

157 2768 444 2827 argumentis
474 2783 569 2813 non
600 2767 781 2824 allatis,
814 2767 934 2812 mihi
964 2769 1153 2825 quidem
1184 2769 1376 2814 minime
1408 2770 1607 2814 constat.

185 2830 190 2837 ·
277 2830 322 2884 3)
354 2843 399 2884 p.
428 2831 496 2872 13.
528 2832 599 2872 40.
633 2833 703 2872 43.
738 2832 809 2872 68.
844 2831 900 2871 81
933 2833 1021 2872 cet.

276 2888 324 2943 4)
346 2902 393 2944 p.
410 2890 453 2931 4.
471 2891 558 2932 220
584 2888 927 2944 (Ταραντῖνος).
954 2886 1074 2931 dixit
1098 2887 1155 2931 de
1181 2899 1235 2931 co
1260 2885 1312 2932 E.
1330 2885 1467 2942 Oder,
1492 2885 1607 2931 Mus.
1622 2885 1769 2931 Rhen.
1788 2891 1845 2930 45
