2060 3232
866 96 1260 149 —180—

227 227 434 284 ε’νεγκαι,
474 224 503 282 ἢ
543 234 719 284 νοῦμον
758 227 861 283 (sic)
906 226 1092 280 ξύλινον
1137 225 1337 281 ποιήσας
1383 222 1461 271 ε’πὶ
1502 233 1557 284 τῇ
1597 225 1909 287 αἷμορᾇούσῃ

226 286 366 346 φλεβὶ
398 282 603 330 ἐπιτίθει
633 285 714 330 καὶ
745 293 838 343 χρῶ
879 286 939 336 ὡς
976 286 1198 346 καλλίστῳ
1238 285 1319 329 καὶ
1356 288 1586 345 προχείρῳ
1630 287 1910 346 βοηθήματι.

234 346 295 389 Μ
330 350 388 390 34
419 344 545 405 ροβ’.
575 345 692 402 Veg.
718 345 753 389 V
785 349 862 389 13:
894 346 936 388 si
965 345 1157 402 sanyuis
1192 345 1423 389 interdum
1461 347 1600 390 nimis
1630 360 1717 402 per
1753 361 1912 391 venam

223 419 326 449 cum
349 418 572 460 percussa
604 405 746 459 fuer-it
776 409 817 449 et
850 404 1005 448 claudi
1034 417 1128 448 non
1155 405 1379 459 potuerit,
1410 406 1630 460 erumpit,
1669 407 1911 450 remedium

223 469 288 509 est
301 468 473 509 stereus
487 465 635 521 ipsius
649 464 866 507 animalis
882 476 1181 519 superponere
1187 463 1432 518 fluentibus
1444 465 1568 507 venis
1574 482 1593 519 ;
1611 469 1694 508 aut
1705 467 1747 508 si
1760 478 1912 520 perse·

222 523 458 578 veraverit,
481 537 611 567 urere
627 523 723 578 (uri
740 522 839 566 cod.
857 520 925 578 C.)
943 522 1142 565 cauterio
1158 521 1399 576 subtiliter,
1420 535 1477 566 ne
1499 524 1628 567 nervi
1651 524 1909 569 laedantur.

227 583 415 637 floccum
447 582 583 626 etiam
614 581 799 624 tomenti
831 579 916 636 (ita
947 578 1145 623 restitue
1178 593 1235 622 ex
1265 581 1457 624 tumenti
1487 580 1588 624 cod.
1616 581 1765 639 Corb.‚
1797 597 1911 628 com-

225 641 399 697 petenti
446 639 680 695 Schneid.)
721 639 814 683 oleo
861 639 1053 682 tinctum
1099 652 1238 682 venae
1283 639 1512 683 admoveto
1519 657 1537 694 ;
1581 641 1718 684 etiam
1771 655 1914 686 assem

230 700 427 757 liyneum
459 699 512 742 in
544 712 674 753 vena,
705 712 795 755 qua
825 698 1016 754 sanquis
1039 698 1253 752 profluit,
1277 698 1418 753 ponis
1449 701 1490 741 et
1521 698 1651 755 liyas.
1694 713 1912 755 praesens

229 763 293 802 est
322 759 580 802 remedium.
641 758 785 813 igitur
813 769 871 800 ne
905 771 960 800 ex
982 756 1071 799 hoc
1095 754 1285 811 quidem
1316 755 1430 811 quid
1459 755 1610 801 lateat
1634 756 1685 800 in
1709 771 1764 803 eo
1789 760 1915 814 quod

229 816 434 860 traditur
463 817 751 871 hostieinum,
784 815 934 860 conici
963 817 1135 871 potest.
1196 814 1398 871 primum
1423 815 1681 860 hariolatus
1714 831 1841 861 eram
1864 831 1913 862 os

230 876 475 931 hircinum,
507 889 555 920 os
586 876 825 930 caninum,
857 873 937 919 sed
970 873 1147 918 conteri
1177 876 1375 930 possunt
1406 873 1501 918 alia
1539 875 1754 921 ducenta.
1815 875 1912 920 iam

231 947 342 979 vero
375 935 594 978 monente
626 933 911 978 Buechelero
950 934 1195 978 ostieinum
1232 932 1427 988 retinui,
1461 935 1513 977 ut
1551 933 1613 977 sit
1644 933 1826 991 aliquid
1859 950 1915 979 ex

232 1005 402 1049 genere
449 996 671 1038 ustorum.
742 992 831 1035 hoc
868 993 1027 1036 tamen
1066 989 1259 1035 dubium
1305 993 1379 1035 est
1416 991 1579 1036 'utrum
1618 992 1815 1051 simplex
1855 996 1917 1039 sit

232 1051 513 1096 vocabulum
544 1054 688 1109 (curo,
717 1052 827 1095 hinc
858 1053 1001 1108 ostiyo
1034 1050 1211 1095 Colum.
1236 1049 1324 1094 VII
1350 1056 1389 1106 7,
1415 1055 1486 1107 21,
1519 1053 1727 1097 osticium
1749 1053 1914 1097 Isidor.

228 1111 385 1167 Etym.
417 1110 525 1154 XIX
557 1115 635 1165 28,
662 1114 711 1164 8;
760 1108 947 1166 scripsit
990 1109 1047 1152 de
1093 1108 1168 1152 his
1215 1109 1525 1154 Buechelerus
1564 1110 1614 1154 in
1652 1111 1916 1156 Woelfflini

230 1169 435 1213 Archivo
460 1169 503 1212 H
524 1183 569 1225 p.
598 1170 700 1225 607)
732 1183 792 1213 an
825 1167 1132 1224 compositum
1164 1180 1219 1211 ex
1251 1169 1339 1213 osti
1370 1171 1417 1212 et
1447 1183 1571 1215 nom.
1604 1171 1736 1216 cinus
1766 1172 1914 1229 (cinus

235 1229 333 1273 cini
361 1242 446 1284 pro
478 1229 597 1273 cinis
637 1229 805 1273 cineris
845 1226 992 1271 Gloss.
1032 1225 1215 1271 Philox.
1250 1241 1283 1272 S.
1315 1242 1360 1272 v.
1393 1226 1590 1283 Cyrillus
1623 1243 1658 1273 S.
1688 1243 1732 1274 v.
1763 1228 1914 1287 τέφρα

234 1288 472 1343 testesque
519 1286 631 1340 alii).
693 1286 947 1331 tenendum
994 1287 1151 1329 autem
1196 1290 1324 1330 ustae
1368 1299 1539 1331 nomen
1583 1287 1727 1332 fuisse
1773 1291 1916 1334 etiam

235 1346 398 1402 generi
430 1345 615 1390 cuidam
647 1359 860 1389 cerussae
892 1345 975 1388 aut
1008 1357 1188 1389 massae
1212 1343 1452 1389 latericiae
1483 1346 1730 1402 (pulverem
1760 1348 1918 1393 lateris

232 1406 517 1450 vetustiorem
546 1404 826 1462 Pelagonius
844 1408 930 1449 398
962 1394 1192 1460 adhibet)‘;
1226 1403 1493 1448 huiusmodi
1530 1405 1707 1460 aliquid
1740 1407 1918 1452 conteri

231 1466 279 1508 et
312 1464 488 1520 apponi
519 1463 568 1508 in
599 1464 792 1521 plagam
822 1462 1024 1507 iubetur.

350 1524 576 1566 stercus
622 1523 806 1580 ipsius
854 1522 985 1577 equi
1030 1520 1354 1566 fluentibus
1394 1522 1554 1566 venis
1594 1524 1913 1584 admoveto]

234 1582 298 1685 cg}
315 1586 372 1625 43
412 1587 581 1627 stereus
619 1583 768 1640 ipsius
806 1582 998 1626 iumenti
1034 1581 1281 1637 fluentibus
1321 1583 1447 1626 venis
1485 1583 1717 1628 admotum
1752 1584 1916 1639 fasceis

225 1654 250 1685 o
302 1642 317 1684 i
348 1645 459 1686 etur.

316 1654 460 1754 ycap.
493 1699 635 1744 XXV.
690 1699 784 1744 312
817 1700 873 1744 cf.
902 1700 964 1742 M
992 1704 1048 1743 39
1082 1698 1175 1746 σις’
1210 1693 1373 1755 (ἑλκῶν
1398 1699 1685 1758 καθαρτικά)
1716 1734 1726 1744 .
1759 1735 1770 1746 ,
1804 1736 1813 1746 .
1850 1735 1860 1747 .
1885 1699 1914 1757 ἢ

227 1757 308 1801 καὶ
341 1756 510 1818 ὀρόβου
543 1758 740 1814 ἄλευρον
772 1757 800 1813 ἢ
842 1757 1130 1815 τιθύμαλλον
1170 1758 1325 1813 κόψας
1357 1794 1367 1803 .
1402 1793 1411 1802 .
1446 1792 1456 1801 .
1492 1793 1524 1814 .,
1558 1758 1642 1803 sed
1678 1759 1917 1816 integrum

226 1818 323 1862 fere
354 1817 528 1875 legitur
566 1818 615 1862 in
652 1817 839 1862 Eumeli
879 1817 1034 1873 capite
1074 1816 1190 1874 πρὸς
1229 1816 1337 1872 ἕλκη
1377 1816 1588 1875 διάφορα
1626 1819 1690 1862 Μ
1714 1823 1771 1862 46
1803 1819 1912 1876 σμη’

230 1874 275 1920 εἰ
304 1874 356 1920 δὲ
390 1875 602 1934 ῥυπαρὸν
633 1877 685 1920 τὸ
719 1875 849 1927 ἕλκος
880 1877 1114 1932 εὑρεθείη,
1145 1875 1433 1932 τιθύμαλλον
1472 1876 1588 1933 μετὰ
1626 1875 1804 1933 μέλιτος
1834 1878 1916 1922 καὶ

226 1936 386 1992 νίτρου
417 1935 499 1979 καὶ
531 1937 756 1991 σταφίδος
786 1934 868 1979 καὶ
899 1934 1097 1991 ἀλεύρου
1130 1934 1348 1993 ὀροβίνου
1380 1935 1572 1986 λειώσας
1603 1931 1780 1987 ἐπίθες.

346 1994 439 2039 313
472 1995 535 2039 Μ
559 2000 615 2039 47
649 1995 723 2038 σν’
756 1993 866 2051 περὶ
896 2001 986 2037 τῶν
1020 1990 1071 2037 ἐν
1102 1998 1198 2044 τοῖς
1227 1993 1458 2051 τραύμασι
1487 2001 1655 2052 τριχῶν
1694 1996 1775 2039 καὶ
1806 1995 1915 2052 περὶ

228 2052 394 2109 λύσσης
427 2055 564 2113 βοῶν,
597 2053 783 2098 Eumeli
820 2054 874 2096 ut
911 2053 1110 2097 videtur.
1165 2053 1214 2096 in
1253 2053 1380 2096 calce
1413 2053 1646 2097 adduntur
1683 2055 1821 2099 haec:
1862 2055 1914 2099 τὸ

230 2112 344 2156 αὐτὸ
378 2111 430 2156 δὲ
463 2112 545 2156 καὶ
578 2112 739 2172 βουσὶν
771 2112 863 2156 ὑπὸ
895 2111 1062 2168 λύσσης
1093 2109 1475 2169 ὃοκιμαζομένοις
1505 2111 1742 2170 χρήσιμον.

351 2170 448 2216 314
485 2172 714 2229 unguis]
748 2185 807 2215 an
838 2169 1096 2228 inunyuis?
1146 2171 1373 2215 excidisse
1420 2174 1577 2215 autem
1623 2175 1781 2229 potest
1812 2187 1911 2218 ver-

228 2230 342 2274 bum
374 2231 513 2285 quale
546 2232 618 2275 est
648 2232 757 2275 teris
786 2229 864 2275 vel
894 2232 1061 2275 misces.
1117 2230 1175 2273 cf.
1204 2235 1303 2274 312.

348 2289 444 2334 316
475 2291 530 2333 H
548 2294 605 2333 42
637 2291 940 2346 Πελαγωνίου
953 2289 1068 2345 πρὸς
1083 2290 1316 2333 παντοίαν
1334 2289 1614 2346 φλεγμονήν.
1650 2291 1711 2334 Μ
1724 2295 1780 2335 33
1798 2291 1913 2348 ρνζ’.

233 2344 390 2391 ἔλαιον
437 2348 636 2392 Σπανόν
675 2348 878 2393 Galenus
916 2349 1082 2392 laudat
1121 2347 1326 2405 passim,
1373 2361 1514 2405 saepe
1559 2348 1644 2393 alii
1689 2349 1916 2395 adhibent

228 2406 379 2450 veluti
410 2404 591 2451 Cassius
623 2407 753 2451 Felix
791 2407 867 2465 (cf.
893 2421 938 2462 p.
956 2411 1044 2451 254
1075 2406 1186 2451 edit.
1212 2407 1314 2452 Val.
1340 2408 1497 2465 Rose).
1543 2407 1665 2453 infra
1702 2408 1753 2452 in
1791 2410 1916 2467 frag—

228 2466 388 2510 mento
421 2465 562 2510 dubio
594 2470 682 2510 478
714 2464 871 2511 ἔλαιον,
895 2464 1132 2510 Ἶσπάνιον
1155 2466 1291 2510 redit.

349 2523 442 2570 317
493 2523 764 2569 Chironium
808 2524 942 2569 ulcus
989 2524 1103 2580 quid
1149 2523 1211 2567 sit
1258 2523 1419 2568 Celsus
1458 2525 1500 2570 V
1525 2529 1604 2581 25,
1636 2530 1662 2569 5
1711 2525 1912 2582 exponit.

230 2582 289 2627 cf.
314 2581 390 2628 Ps.
414 2582 553 2640 Apul.
577 2584 706 2628 herb.
733 2590 774 2639 9,
801 2588 824 2627 1
870 2585 932 2628 ad
961 2584 1116 2627 ulcera
1147 2583 1379 2637 chironia,
1420 2588 1476 2627 23
1507 2585 1570 2629 ad
1599 2585 1790 2629 vulnera
1821 2586 1913 2630 ehi·

228 2643 382 2687 rania.
446 2642 622 2686 Theod.
648 2641 871 2687 Priscian.
895 2642 916 2685 I
942 2646 995 2685 22
1019 2656 1065 2698 p.
1092 2645 1147 2685 89
1173 2642 1243 2685 ed.
1270 2641 1519 2686 Bernhold.

349 2700 443 2745 318
488 2701 583 2746 319
629 2702 687 2746 Η
719 2707 805 2747 286
868 2701 1169 2756 Πελαγωνίου
1216 2700 1478 2757 κατασκευὴ
1526 2700 1821 2758 μαλάγματος
1867 2704 1915 2746 et

229 2759 347 2816 πρὸς
376 2760 668 2818 κατάκαυμα.
725 2759 787 2804 Μ
814 2765 897 2804 113
931 2757 1065 2804 ωνα’.
1114 2758 1245 2819 ωνβ’.
1289 2760 1344 2804 cf.
1364 2765 1464 2815 326,
1497 2760 1579 2805 ubi
1608 2762 1744 2805 terna
1766 2761 1911 2806 habes

232 2817 520 2874 singularum
552 2819 812 2876 specierum
841 2819 1060 2875 pondera.

347 2877 443 2924 320
473 2878 532 2922 H
557 2884 643 2923 286
675 2879 787 2935 ἄλλη
819 2876 1081 2933 κατασκευὴ
1115 2877 1405 2934 ἀλείμματος.
1471 2879 1533 2922 Μ
1563 2882 1647 2923 113
1681 2878 1810 2936 ωνγ’.
