2060 3232
803 120 1170 173 ...39—

142 257 581 321 diligentissimum
626 255 884 305 dominum
929 271 1202 319 monemus,
1249 255 1384 318 quod
1434 256 1587 304 etiam
1633 255 1831 319 Cappa-

142 330 285 379 doces
329 329 568 379 facientes
614 345 822 392 corpora
867 345 1113 392 equorum
1158 332 1209 378 et
1253 329 1488 377 nutriunt
1537 332 1586 378 et
1625 333 1827 394 augent.

139 419 257 452 nam
293 404 415 452 haec
454 419 583 466 quae
621 403 754 452 infra
793 403 1118 468 ostendimus,
1165 403 1264 465 ipsi
1303 402 1620 466 Cappadoces
1658 404 1831 453 brecta

142 478 419 541 appellant,
469 493 596 540 quae
649 479 768 525 sunt
813 477 950 525 talia.
1050 477 1222 526 hordei
1271 477 1463 526 modios
1517 477 1614 542 III,
1680 478 1826 527 fabae

94 565 116 597 5
140 553 259 599 sext.
284 551 371 615 VI,
394 551 552 600 tritici
576 553 696 599 sext.
721 551 807 616 VI,
840 551 1010 600 ciceris
1036 554 1154 600 sext.
1180 550 1318 615 VIH,
1357 551 1503 599 faseli
1542 553 1662 600 sext.
1687 552 1825 616 VIII,

140 624 245 673 ervi
298 627 418 674 sext.
474 625 597 690 IIII,
664 626 800 674 faeni
855 625 1033 675 Graeci
1087 627 1206 674 sext.
1262 625 1360 689 III,
1408 627 1459 673 et
1513 625 1555 673 si
1604 625 1823 675 volueris

137 713 265 748 uvae
303 714 481 761 passae
521 702 572 748 et
609 699 776 748 nuclei
815 699 1056 749 sextarios
1096 699 1344 763 singulos:
1384 699 1444 747 de
1474 699 1552 747 his
1594 699 1823 748 omnibus

136 771 260 820 facis
298 773 523 822 modium
569 774 620 821 et
664 773 823 836 pridie
862 773 916 821 in
955 790 1089 836 aqua
1126 773 1315 821 munda
1353 772 1566 822 eundem
1602 773 1828 822 modium

136 846 398 911 infundes,
446 863 592 895 mane
648 847 918 909 paululum
973 862 1023 896 se
1085 847 1331 895 subsiccet
1392 849 1443 895 et
1495 846 1609 895 inde
1665 863 1826 910 equus

73 933 114 966 ιο
138 920 415 969 semodium
465 920 681 983 accipiat
718 923 769 969 et
807 936 915 970 sero
956 920 1244 970 semodium.
1321 922 1413 969 hoc
1453 921 1633 970 cotidie
1673 921 1827 969 simili

135 994 397 1058 diligentia
435 995 598 1043 facere
637 994 848 1043 curabis,
926 995 969 1043 si
1008 1010 1125 1043 sane
1159 995 1280 1043 satis
1319 995 1617 1043 macilentus
1655 996 1824 1059 fuerit,

134 1084 251 1116 eum
288 1067 463 1117 diebus
509 1068 721 1132 triginta
768 1070 998 1117 clausum
1046 1069 1100 1116 in
1147 1068 1346 1124 stabulo
1394 1069 1555 1118 calido
1602 1069 1822 1133 habebis,

135 1142 210 1190 ita
256 1143 317 1190 ut
362 1142 500 1190 intus
538 1142 681 1191 bibat
716 1145 770 1191 et
808 1143 878 1192 sic
918 1143 1146 1205 accipiat.
1226 1143 1303 1190 sin
1351 1145 1522 1191 autem
1559 1159 1660 1191 non
1698 1143 1822 1192 adeo

134 1218 210 1264 est
255 1216 574 1281 macilentus,
621 1217 805 1281 viginti
852 1219 903 1265 et
955 1234 1056 1265 uno
1109 1217 1186 1265 die
1242 1216 1473 1265 similiter
1527 1217 1822 1266 stabuletur.

67 1301 110 1335 15
133 1304 250 1338 sane
291 1290 334 1338 si
362 1292 478 1353 post
508 1290 825 1355 diligentiam
861 1291 1253 1353 suprascriptam
1292 1290 1414 1339 satis
1445 1290 1600 1339 fuerit
1621 1291 1826 1355 pinguis

133 1365 184 1411 et
228 1380 289 1412 ne
335 1364 589 1429 pinguedo
628 1367 830 1429 noceat,
881 1365 1086 1429 sanguis
1126 1365 1184 1413 de
1219 1363 1431 1414 'matrice
1477 1365 1710 1429 tollatur,
1761 1381 1824 1413 ne

130 1437 286 1486 nimia
323 1439 524 1501 pletura
563 1439 758 1487 adferat
795 1455 977 1487 necem.

240 1511 396 1561 Aliud
450 1513 584 1576 quod
631 1528 875 1576 pauperes
926 1513 1012 1560 sed
1061 1512 1325 1577 diligentes
1375 1512 1536 1560 facere
1587 1512 1821 1574 possunt:
1840 1506 1904 1552 25

127 1585 355 1634 triticum
390 1587 718 1636 torrefactum
751 1587 966 1634 mixtum
997 1602 1158 1649 aquae
1197 1587 1404 1650 mulsae,
1444 1585 1682 1633 diurnum
1718 1602 1823 1634 mo—

59 1672 104 1705 20
127 1659 267 1708 dium
304 1662 605 1709 castrensem
641 1660 901 1723 praebebis
947 1661 1119 1708 diebus
1165 1661 1303 1708 ultra
1347 1659 1533 1724 viginti
1570 1660 1651 1708 vel
1697 1661 1823 1723 quot

126 1733 357 1782 volueris.

170 1830 177 1836 ·
238 1807 367 1856 Sane
430 1808 512 1856 cui
578 1808 724 1871 pellis
787 1808 978 1857 aruerit
1039 1812 1090 1857 et
1151 1808 1320 1857 cibum
1380 1824 1481 1857 non
1536 1807 1689 1856 sentit
1749 1833 1810 1842 —
1831 1802 1896 1847 26

127 1882 262 1945 quod
307 1898 464 1947 genus
529 1882 775 1945 passionis
839 1882 1160 1932 mulomedici
1223 1882 1593 1946 coriaginosum
1648 1882 1819 1945 appel-

125 1956 264 2020 lant,
337 1956 585 2021 contingit
658 1959 828 2005 autem
892 1956 1046 2006 nimio
1111 1957 1281 2006 labore
1341 1983 1441 2020 -—,
1503 1972 1821 2020 perunguen-

59 2042 103 2074 25
126 2030 246 2078 dum
295 2032 371 2079 est
420 2031 528 2080 oleo
567 2031 788 2093 primum
839 2033 1034 2095 rutato,
1085 2031 1159 2079 ita
1204 2033 1265 2078 ut
1319 2046 1462 2079 omne
1517 2045 1696 2092 corpus
1735 2046 1820 2092 pe-

124 2120 371 2169 runguas,
427 2107 478 2153 et
521 2105 615 2153 hac
668 2106 844 2168 postea
889 2105 1092 2168 potione
1149 2104 1372 2153 sanabis:
1421 2104 1667 2168 cariotae,
1716 2106 1821 2151 tra-

125 2178 308 2243 canthi,
339 2180 485 2227 rutae
511 2178 783 2242 silvaticae,
815 2181 1025 2241 nepetae
1064 2181 1331 2227 montanae
1369 2178 1545 2227 uncias
1577 2177 1818 2241 singulas,

126 2251 321 2316 apium,
380 2252 687 2317 melilotum,
743 2252 1052 2300 absinthium
1106 2252 1372 2301 Ponticum
1426 2267 1542 2300 cum
1594 2251 1712 2300 vino
1769 2254 1820 2299 et

129 2342 262 2389 aqua
294 2326 456 2375 calida
489 2325 643 2374 dabis.
693 2326 860 2375 omnia
892 2326 1232 2389 suprascripta
1255 2343 1370 2375 cum
1393 2341 1527 2388 aqua
1559 2325 1735 2388 coquis
1769 2327 1820 2374 et

64 2412 108 2445 30
132 2400 201 2448 sic
240 2403 355 2462 post
393 2417 509 2449 cum
545 2400 662 2450 vino
702 2400 856 2449 dabis.

244 2577 270 2616 3
303 2571 485 2629 brenta]
514 2571 710 2627 abrepta
727 2571 774 2615 R
803 2572 936 2628 (corr.
959 2571 1247 2627 Eichenfeld)
1272 2573 1288 2627 ss
1323 2574 1350 2614 ὅ
1382 2569 1542 2614 faselis
1567 2572 1582 2626 ΙῙ
1606 2571 1779 2614 6herbi
1806 2571 1821 2627 11

128 2636 182 2674 12
207 2631 385 2674 clasum
410 2631 426 2687 ΙΙ
453 2635 507 2674 14
531 2629 826 2674 macillentus
853 2631 861 2687 Ι
889 2629 1059 2687 viginti
1076 2634 1124 2675 et
1140 2645 1233 2675 uno
1257 2628 1356 2688 die]
1384 2625 1462 2673 ἐπὶ
1486 2628 1680 2702 ἡμέραις
1697 2628 1745 2673 κ’
1766 2629 1826 2674 Η

127 2685 206 2734 ἐπὶ
234 2687 429 2747 ἡμέραις
460 2690 607 2734 εἴκοσι
641 2690 686 2732 Ρ
716 2691 809 2745 (sed
840 2689 1076 2748 Apsyrta&
1107 2690 1254 2747 Hipp.
1286 2692 1379 2734 300
1418 2688 1592 2745 ἡμερας
1631 2683 1737 2744 ἑξῆς
1767 2687 1817 2732 κ’

126 2748 208 2792 καὶ
238 2749 309 2804 α’)
340 2751 356 2805 ΙΙ
388 2752 443 2792 15
475 2750 673 2805 pingues
701 2750 719 2805 ll
749 2752 806 2793 20
837 2747 1054 2805 prebebis
1082 2752 1090 2806 Ι
1117 2749 1240 2805 quod
1272 2749 1288 2804 ΙΙ
1322 2752 1378 2792 22
1411 2750 1558 2804 pelles
1591 2748 1741 2791 auerti
1772 2747 1820 2792 R

128 2805 276 2864 δέρμα
314 2808 652 2866 καταξηρανθῇ
686 2808 751 2861 H,
781 2808 888 2851 inde
925 2821 1041 2853 corr.
1081 2808 1353 2861 Eichenfeld
1377 2808 1392 2863 ss
1431 2811 1486 2850 27
1526 2807 1686 2850 uncias
1726 2805 1819 2850 sin-

126 2868 280 2924 gulas]
313 2880 415 2910 unc.
453 2882 487 2911 s.
522 2867 568 2910 R
622 2865 717 2911 ἀνὰ
747 2873 801 2923 ys>
833 2865 960 2910 oc'H
969 2870 1060 2912 186
1115 2866 1209 2911 ἀνὰ
1232 2873 1285 2923 γό
1313 2865 1379 2910 ocs'
1399 2865 1457 2910 Η
1462 2868 1560 2911 276·
1582 2868 1597 2923 ΙΙ
1620 2870 1678 2909 28
1701 2866 1816 2910 mel-

126 2925 315 2969 lilotum
344 2925 639 2970 absenthium
662 2927 677 2981 ΙΙ
700 2930 756 2969 29
791 2925 964 2970 callida
