2060 3232
783 122 1143 176 -15-

119 262 179 309 de
230 260 444 324 singulis
495 274 739 322 equorum
787 258 973 307 morbis
1021 259 1248 323 singulas
1295 260 1468 308 amicis
1505 261 1807 311 inlustribus

119 334 382 397 epistulas,
430 348 554 396 quas
599 334 777 394 postea
815 332 868 380 in
905 332 1093 380 librum
1139 332 1431 381 coniunctas
1469 348 1584 381 cum
1621 335 1806 384 litteris

119 406 436 456 dedicatoriis
476 406 540 454 ad
576 405 854 470 Arzygium
890 406 1049 470 misit,
1090 422 1241 469 quem
1269 406 1437 455 virum
1474 407 1807 457 clarissimum

117 481 452 529 Buechelerus
498 480 624 528 MuS.
663 480 818 528 Rhen.
852 482 920 528 45
961 497 1008 542 p.
1045 481 1150 529 333
1198 480 1307 528 iure
1354 481 1609 529 concludit
1654 482 1807 530 etiam

116 555 403 603 litterarum
441 554 768 616 antiquarum
803 553 1043 602 historiae
1082 553 1400 602 inserendum
1440 569 1568 618 esse,
1609 550 1688 602 eut
1719 557 1807 618 qui

117 628 293 677 laudes
339 643 584 690 equorum
628 644 728 676 non
773 628 919 676 modo
966 627 1144 692 lingua
1189 628 1401 676 iactasse
1447 628 1684 678 videatur
1722 629 1808 677 sed

118 702 272 750 etiam
309 701 493 750 litteris
531 702 792 750 mandasse
833 701 936 751 sive
974 702 1185 764 poeticis
1222 703 1284 750 ut
1320 718 1411 764 per
1442 702 1808 766 epigrammata

116 777 198 826 vel
237 775 528 839 cynegetica
566 768 943 841 (Nemesianusz
984 777 1227 836 cultusque
1263 777 1383 825 mihi
1412 777 1641 825 dicendus
1673 791 1807 837 equo-

116 842 272 916 rum),
312 849 415 898 sive
454 848 655 896 Libanii
683 849 1041 912 rhetorumque
1073 865 1209 897 more
1242 849 1649 899 demonstrativis
1659 844 1690 899 ⁵.
1746 850 1807 899 de

116 923 224 972 viro
279 922 390 986 illo,
445 922 590 970 cuius
634 938 815 971 nomen
875 923 1028 970 etiam
1074 923 1325 985 capitibus
1370 923 1460 971 ΠΙ.
1509 924 1592 971 VI.
1640 923 1808 971 XXIV

115 996 489 1058 praescriptum
527 998 623 1060 est,
661 999 778 1059 post
815 996 1149 1060 Borghesium
1163 990 1203 1063 1>
1242 996 1528 1046 Huelsenus
1569 997 1807 1046 disseruit

115 1070 312 1119 Notizie
351 1069 486 1133 degli
525 1070 660 1118 soavi
702 1071 843 1118 1888
883 1087 930 1132 p.
965 1072 1071 1120 495
1099 1086 1169 1134 sq.
1226 1071 1325 1119 duo
1357 1071 1538 1119 Betitii
1567 1071 1807 1134 Perpetui

115 1143 324 1207 Arzygii
371 1143 594 1191 eiusdem
639 1144 826 1208 gentis,
876 1146 1023 1206 pater
1067 1145 1279 1193 fortasse
1327 1147 1378 1193 et
1422 1144 1578 1209 filius,
1630 1145 1805 1193 distin-

115 1217 303 1281 guendi
342 1219 482 1281 sunt,
522 1218 653 1266 alter
692 1218 780 1280 qui
817 1234 907 1280 per
943 1218 1202 1266 biennium
1240 1213 1396 1283 (inter
1426 1235 1582 1267 annos
1615 1221 1720 1268 315
1755 1222 1807 1267 et

117 1285 249 1356 337)
301 1294 550 1340 corrector
600 1291 887 1353 provinciae
953 1292 1152 1340 Siciliae
1208 1293 1308 1340 fuit
1362 1294 1562 1341 statuae
1616 1293 1804 1341 honore

23 1398 27 1401 -
114 1365 414 1413 nobilitatus
453 1380 483 1412 a
521 1365 916 1427 provincialibus
927 1358 994 1504 ἲ,
1046 1367 1176 1415 alter
1220 1366 1299 1415 vir
1345 1366 1651 1414 clarissimus
1690 1382 1804 1415 con-

117 1439 299 1486 sularis
339 1438 550 1486 Tusciae
590 1441 642 1487 et
683 1432 946 1487 Vmbriae3
976 1478 985 1487 .
1057 1440 1344 1488 consulares
1385 1442 1556 1488 autem
1595 1440 1804 1488 Tusciae

119 1515 170 1561 et
207 1512 446 1560 Vmbriae
486 1528 600 1560 cum
629 1528 730 1561 non
768 1513 960 1561 fuerint
991 1517 1108 1561 ante
1149 1530 1191 1561 a.
1227 1515 1356 1577 366,
1397 1516 1662 1562 occurrant
1692 1514 1805 1562 inde

116 1683 193 1740 (cf.
209 1681 480 1737 Buecheler,
504 1681 622 1726 Mus.
639 1681 786 1727 Rhen.
803 1685 859 1726 45
884 1698 928 1739 p.
948 1685 1066 1739 333).
1103 1682 1288 1728 accedit
1311 1682 1485 1728 codicis
1508 1682 1807 1728 Riccardiani

115 1755 220 1786 cum
253 1741 384 1786 libris
417 1739 704 1786 Columellae
736 1745 784 1784 et
806 1741 996 1798 Vegetii
1027 1755 1289 1787 consensus.

238 1803 281 1856 1)
315 1800 431 1857 Opp.
457 1800 550 1844 vol.
568 1800 631 1843 VI
661 1802 706 1856 p.
733 1805 834 1845 305.
861 1806 960 1845 343.
1009 1802 1212 1857 epistula
1236 1802 1336 1846 eius
1361 1802 1474 1846 data
1496 1802 1540 1845 d.
1567 1807 1638 1846 24.
1656 1801 1804 1859 April.

114 1874 155 1905 a.
193 1863 308 1903 1826
340 1859 520 1903 inserta
551 1859 623 1902 est
645 1860 930 1915 praefationi
962 1860 1181 1905 editionis
1214 1859 1527 1906 Sarchianeae
1559 1876 1604 1918 p.
1630 1866 1656 1904 2
1675 1876 1744 1917 sq.

233 1920 278 1975 2)
307 1917 427 1962 CIL.
453 1919 495 1962 X
521 1922 658 1962 7204:
691 1918 1030 1964 elementissimo
1054 1925 1096 1964 et
1117 1920 1484 1965 victoriosissimo
1501 1920 1544 1965 d.
1562 1935 1608 1965 u.
1635 1919 1806 1965 Flavio

122 1977 305 2022 Valerio
340 1975 642 2021 Constantino
667 1978 884 2023 Maximo
908 1980 991 2036 pio
1021 1979 1148 2034 felici
1170 1980 1340 2024 invicto
1370 1979 1582 2036 Auyusto
1605 1980 1807 2024 Betitius

114 2037 369 2093 Perpetuus
399 2050 440 2081 v.
465 2050 502 2081 e.
528 2038 792 2092 eorr(ector)
817 2039 1127 2094 prouinciae)
1149 2037 1375 2095 Sieil(iae)
1406 2040 1590 2083 devotus
1621 2040 1806 2083 numiui

113 2096 427 2151 maiestatique
466 2096 563 2140 eius
592 2109 763 2152 semper
794 2098 987 2142 dicatu&
1034 2095 1221 2141 Notizie
1254 2098 1298 2141 d.
1332 2097 1459 2142 soavi
1493 2101 1607 2142 1888
1638 2112 1685 2154 p.
1718 2103 1804 2141 495

114 2157 188 2212 (=
213 2154 380 2198 Kaibel
405 2153 545 2198 Inscr.
579 2154 786 2199 Graecae
820 2155 1006 2199 Siciliae
1041 2159 1089 2200 et
1119 2156 1285 2200 Italiae
1316 2171 1361 2200 n.
1389 2160 1550 2199 1078a
1588 2156 1803 2201 Addend.

112 2228 158 2270 p.
178 2214 282 2268 697)
297 2231 307 2256 τ
326 2214 534 2270 Arzyqii.
549 2212 630 2256 τὸν
644 2211 832 2265 ἁπάσας
847 2214 930 2266 τὰς
945 2213 1102 2266 πόλεις
1113 2221 1196 2271 τῆς
1207 2216 1453 2265 Σικελείας
1465 2214 1805 2259 ἀνανεώσαντα

112 2271 171 2315 τὰ
197 2270 502 2330 βουλευτήρια
534 2275 684 2322 ’καλῶς
715 2272 1023 2327 διοικήσαντα
1046 2273 1129 2324 τάς
1160 2290 1209 2318 τε
1242 2275 1532 2330 λιτουργείας
1557 2272 1700 2325 ἰδίαις
1723 2274 1805 2318 καὶ

114 2327 346 2381 ἐπινοίαις
385 2326 761 2387 ἐπικουφίσαντα
799 2333 879 2376 καὶ
921 2330 973 2378 ἐν
1019 2340 1135 2377 πᾶσι
1173 2332 1259 2389 τὴν
1300 2329 1524 2390 ἐπάρχων
1565 2333 1803 2391 εὐεργετή-

115 2404 263 2434 σαντα
301 2391 503 2434 Βετίτιον
526 2389 829 2446 Περπέτουον
860 2392 942 2436 τὸν
973 2390 1299 2449 λαμπρότατον
1329 2391 1554 2449 πάτρωνα
1587 2390 1642 2435 αἱ
1667 2395 1806 2436 Σικε-

113 2452 204 2492 λῶν
237 2448 404 2507 βουλαὶ
441 2448 522 2493 καὶ
563 2448 587 2493 ὁ
621 2451 766 2506 δῆμος
805 2450 1052 2507 ἀνδριάντι
1082 2452 1164 2496 τὸν
1197 2449 1444 2508 εὐεργέτην
1477 2450 1592 2508 μετὰ
1624 2452 1804 2495 διετίαν

112 2514 194 2564 τῆς
223 2507 436 2563 πράξεως
474 2507 555 2551 διὰ
593 2510 892 2568 πρεσβευτῶν
924 2509 1136 2555 Ῥοδίνου
1177 2510 1258 2554 καὶ
1284 2509 1544 2554 Ἰουλιανοῢ
1575 2516 1667 2554 τῶν
1701 2512 1806 2554 δια-

115 2565 387 2623 σημοτάτοον
419 2568 732 2622 δεκαπρώτων
763 2568 1027 2626 ἠμείψαντο
1060 2571 1128 2628 (in
1157 2570 1261 2614 basi
1292 2570 1467 2614 Romae
1499 2571 1718 2626 reperta).

233 2631 278 2678 3)
319 2625 440 2670 CIL.
475 2627 539 2669 Vl
574 2630 686 2671 1702
721 2629 799 2682 (ad
837 2628 1003 2673 melius
1043 2630 1365 2686 apographum
1403 2628 1667 2672 Huelsenus
1699 2629 1730 2671 l.
1764 2643 1802 2672 c.

113 2700 158 2741 p.
183 2686 312 2742 497):
359 2685 532 2730 Betitio
566 2686 794 2740 Perpetuo
834 2689 1038 2745 Arzyyio
1076 2703 1116 2734 v.
1150 2702 1186 2733 e.
1227 2688 1461 2733 consulari
1500 2687 1725 2731 Thuseiae
1763 2692 1805 2731 et

123 2743 378 2799 Vmb(riae)
416 2745 471 2789 ob
509 2746 772 2802 siuyularia
810 2748 909 2791 eius
946 2762 1055 2805 erya
1091 2748 1402 2805 provinciales
1433 2747 1647 2800 beneficia
1677 2750 1719 2790 et
1749 2747 1803 2791 ob

113 2804 486 2858 moderationem,
513 2818 602 2859 pro
633 2806 898 2850 documento
922 2808 1059 2851 etiam
1078 2808 1273 2862 posteris
1294 2806 1638 2862 relinquendam
1662 2809 1802 2850 aeter·

112 2876 223 2906 num
259 2868 438 2908 statuae
474 2869 810 2909 monumentum
852 2865 1022 2911 Thusei
1063 2870 1105 2911 et
1145 2866 1303 2911 Vmbri
1334 2870 1534 2922 patrono
1557 2870 1798 2921 praestan-

114 2921 286 2965 tissimo
317 2923 610 2967 collocarunt.
