2060 3232
920 127 978 132 --
1060 95 1277 148 46-

252 235 500 284 moveant.
571 233 615 282 si
659 235 829 282 tumor
873 231 1048 297 fuerit,
1094 232 1389 295 plerumque
1409 241 1415 246 “
1436 231 1715 294 periculum
1761 232 1936 280 adfert.

253 307 419 357 curari
457 306 604 357 debet
639 306 701 356 iis
731 306 1035 370 potionibus,
1075 319 1203 370 quae
1242 307 1466 355 ventrem
1497 307 1723 369 movent3
1761 305 1938 354 similis

253 383 330 430 est
378 380 511 430 enim
572 397 692 430 cura
747 380 810 429 iis
872 380 960 443 qui
1011 380 1321 429 hordiantur.
1410 379 1487 427 sin
1533 381 1704 429 autem
1748 379 1938 429 ventris

254 455 419 504 fluxus
451 455 550 505 cito
583 454 779 504 steterit
810 456 861 503 et
892 453 1025 504 oculi
1057 453 1159 502 albi
1189 453 1391 518 fuerint,
1429 453 1556 501 nihil
1586 453 1710 502 mali
1749 452 1938 516 evenit3

255 529 425 578 oculos
463 531 632 578 tamen
672 544 804 577 cura.
1984 539 2006 579 5

172 599 262 650 48.
364 602 445 650 Ad
491 602 670 664 capitis
717 600 1049 665 gravedinem.
1120 603 1235 648 ante
1283 599 1450 648 omnia
1495 601 1817 665 purgandum
1863 602 1940 649 est

253 678 419 740 caput,
458 675 778 739 purgandum
809 676 979 722 autem
1013 674 1106 722 hoc
1136 673 1307 722 modo:
1346 673 1554 737 inulam,
1593 673 1938 738 euphorbium,

253 751 381 797 turis
404 749 643 812 pollinem
666 749 781 797 vino
807 748 1027 809 decoque
1052 750 1103 796 et
1127 748 1229 796 sole
1254 747 1415 796 calido
1438 747 1644 795 naribus
1670 747 1936 797 infundite.

252 826 368 886 post
404 823 655 871 modicum
695 822 792 871 olei
822 821 1004 870 rosacii
1035 821 1424 886 aliquantulum,
1462 823 1668 885 propter
1703 822 1808 871 vim
1837 838 1937 871 me-

254 896 530 954 dicaminis,
568 895 620 943 in
659 911 803 944 nares
842 895 1045 944 mittito.
1963 909 2005 941 10

171 965 236 1013 49
362 970 443 1018 Ad
482 970 675 1019 dolores
716 969 984 1018 auriculae.
1049 970 1178 1018 aceti
1223 969 1350 1018 acris
1397 969 1772 1033 aliquantulum
1823 984 1938 1018 cum

253 1044 361 1092 oleo
399 1043 557 1092 veteri
597 1046 647 1091 et
685 1059 799 1093 cum
838 1043 1128 1106 aphronitro
1167 1043 1221 1091 in
1253 1059 1426 1103 aurem
1454 1043 1669 1107 mittit03
1709 1044 1800 1091 aut
1829 1059 1936 1092 ver-

249 1117 475 1180 10100108,
507 1117 833 1179 porcelliones
868 1117 956 1180 qui
988 1118 1322 1182 appellantur,
1354 1134 1469 1166 0010
1492 1117 1676 1180 butyro
1710 1119 1762 1165 et
1790 1119 1936 1165 rutae

250 1206 350 1239 uno
383 1191 623 1240 fasciculo
654 1190 707 1239 in
739 1192 847 1241 oleo
881 1192 1121 1256 ferveant,
1153 1194 1205 1240 et
1235 1207 1350 1240 cum
1379 1191 1649 1255 tepuerint,
1679 1191 1733 1239 in
1765 1207 1938 1239 aurem

248 1264 461 1327 mittito;
502 1267 593 1313 aut
632 1265 801 1328 adipes
840 1265 1059 1329 gallinae
1098 1266 1377 1327 percolatas
1417 1281 1531 1314 cum
1562 1264 1717 1314 nardo
1756 1265 1809 1312 in
1849 1281 1935 1313 au-
1962 1276 2004 1310 15

247 1338 431 1388 riculas
470 1336 674 1389 mittito.

168 1409 233 1454 50
362 1411 450 1460 sin
490 1415 660 1462 autem
699 1413 953 1462 cerebrum
1002 1415 1306 1462 commotum
1349 1413 1604 1477 habuerit,
1644 1413 1936 1477 diligentius

248 1486 415 1534 sanari
453 1486 620 1551 debet,
667 1503 728 1535 ne
775 1487 1056 1550 periculum
1102 1487 1308 1535 adferat.
1373 1487 1517 1552 signa
1561 1488 1683 1535 tunc
1728 1487 1781 1534 in
1827 1486 1935 1550 ipso

246 1559 368 1608 haec
408 1561 575 1609 erunt:
613 1576 875 1623 perversus
916 1561 1196 1610 ambulabit
1225 1560 1435 1624 pedibus
1467 1560 1669 1609 incertis
1703 1563 1754 1609 et
1784 1561 1935 1610 inter-

246 1633 366 1682 dum
412 1634 618 1683 cuilibet
673 1637 763 1683 aut
810 1635 973 1697 stipiti
1020 1637 1110 1683 aut
1155 1635 1434 1683 iacentibus
1480 1635 1733 1698 lapidibus
1779 1635 1928 1697 pedes
1953 1646 1997 1678 20

248 1707 452 1755 offendit
491 1724 762 1771 coxamque
794 1710 1058 1758 contrahit.
1115 1709 1157 1757 si
1186 1709 1327 1756 mula
1359 1709 1468 1773 erit,
1499 1709 1742 1773 iungatur
1773 1708 1933 1757 artius

245 1781 379 1845 iugo,
419 1782 494 1830 ita
530 1785 591 1830 ut
629 1783 807 1831 sudore
848 1785 898 1831 et
936 1783 1106 1832 labore
1146 1783 1304 1832 omnis
1341 1782 1482 1832 dolor
1520 1782 1835 1847 discutiatur,
1873 1785 1934 1831 ut

243 1856 358 1916 post
403 1855 626 1905 laborem
670 1856 850 1905 melius
902 1859 1117 1906 curetur.
1184 1856 1381 1906 curabis
1421 1859 1591 1905 autem
1636 1856 1736 1906 his:
1782 1856 1932 1905 bacas

242 1929 374 1976 lauri
427 1946 634 1979 numero
688 1931 780 1978 XX
834 1932 884 1979 et
929 1931 1050 1979 nitri
1103 1931 1186 1979 lib.
1237 1931 1387 1980 terito
1434 1931 1626 1979 minute
1683 1933 1734 1978 et
1785 1932 1931 1979 rutae

242 2002 559 2065 manipulum
597 2003 808 2053 viridem
846 2020 961 2053 cum
1000 2007 1162 2069 aceto,
1203 2007 1254 2053 et
1293 2006 1401 2054 oleo
1441 2005 1639 2053 laurino
1679 2005 1929 2068 tepefacto
1957 2016 2001 2048 25

242 2077 546 2141 perunguito
580 2080 733 2140 caput
769 2078 991 2126 medium
1028 2078 1161 2127 inter
1199 2094 1343 2127 aures
1391 2081 1442 2126 et
1486 2079 1712 2127 lanatam
1749 2079 1932 2141 pellem

243 2150 526 2199 madentem
549 2151 627 2199 his
659 2152 1070 2202 medicaminibus
1094 2169 1184 2216 pro
1210 2153 1496 2201 cerebellari
1521 2152 1929 2215 superimponito.

163 2219 222 2264 51
353 2224 483 2273 Item
514 2226 666 2274 aliud.
721 2227 938 2274 farinam
967 2227 1283 2276 hordeaciam
1312 2227 1523 2275 mixtam
1552 2227 1744 2275 resinae
1776 2226 1930 2274 durae

242 2295 501 2358 imponito.
563 2315 736 2348 curare
784 2303 955 2349 autem
994 2300 1160 2365 debeS,
1199 2302 1261 2348 ut
1305 2300 1502 2363 reliqua
1547 2316 1663 2363 pars
1710 2299 1930 2362 corporis

245 2370 357 2418 aliis
404 2373 693 2434 potionibus
739 2375 1009 2422 nutriatur.
1080 2389 1282 2423 cancros
1327 2375 1609 2424 fluviaticos
1655 2376 1832 2422 tunsos
1881 2375 1930 2422 et
1954 2385 1998 2417 30

243 2444 425 2493 mixtos
485 2446 630 2495 lactis
686 2448 877 2510 caprini
914 2450 1048 2499 sext.
1094 2450 1145 2496 et
1199 2448 1294 2496 olei
1348 2449 1528 2510 cyatho
1584 2448 1746 2497 colato
1809 2442 1931 2511 (et)

244 2534 333 2579 per
372 2534 425 2567 os
465 2520 730 2570 infundito.
803 2522 844 2569 si
883 2538 1063 2583 parum
1102 2521 1267 2570 cancri
1297 2522 1378 2570 vel
1409 2522 1487 2570 100
1520 2521 1929 2585 suppeditaverit,

361 2665 387 2703 2
421 2659 534 2719 111811
569 2667 595 2706 3
635 2661 708 2706 his
739 2663 755 2719 ΙΙ
785 2667 811 2706 6
851 2660 1142 2718 grauidinem
1184 2661 1245 2704 ’0711
1282 2661 1340 2704 ὃῖῑ
1369 2661 1384 2717 ΙΙ
1425 2666 1450 2705 7
1489 2660 1883 2706 innulamvforbisi
1917 2662 1929 2716 f{

243 2722 270 2762 8
306 2719 475 2764 callido
499 2722 516 2776 n
542 2725 597 2764 10
629 2721 852 2765 Adoleres
875 2722 890 2775 ΙΙ
917 2724 970 2764 12
988 2718 1057 2762 af:
1062 2719 1203 2764 on1t1s
1227 2722 1243 2776 ΙΙ
1276 2725 1330 2765 18
1361 2722 1472 2764 tunc
1504 2719 1660 2765 Sarch.
1700 2722 1754 2763 tn
1793 2721 1851 2776 (h.
1892 2734 1926 2765 e.

242 2779 429 2845 tamen),
460 2779 507 2823 R
553 2781 569 2836 ΙΙ
610 2784 663 2823 19
695 2778 959 2823 ambulauit
988 2780 1005 2835 ΙΙ
1035 2784 1092 2822 24
1117 2779 1345 2846 numero]
1385 2793 1479 2822 nno
1521 2780 1528 2832 1
1569 2778 1778 2822 minutae
1817 2779 1832 2835 ΙΙ
1870 2784 1925 2823 27

248 2850 385 2910 super
415 2837 627 2909 inponito
651 2839 666 2894 ΙΙ
689 2843 746 2883 28
776 2838 962 2882 mistam
987 2839 1081 2894 {129
1113 2836 1325 2894 inponite
1363 2839 1379 2895 ΙΙ
1417 2842 1475 2882 30
1500 2839 1750 2895 καρκίνους
1781 2853 1927 2882 ποτα-

244 2892 378 2952 μίους
410 2891 527 2940 ἑπτά
543 2896 647 2940 ΗΡ
680 2900 774 2942 tres
797 2895 1049 2943 fluviatiles
1082 2910 1273 2942 cancros
1316 2897 1418 2955 Vey.
1443 2899 1537 2954 1131
1564 2899 1727 2942 mistos
1755 2900 1762 2953 Ι
1790 2898 1926 2954 cyato
