2060 3232
745 116 1107 170 -47—

85 269 269 318 aquam
309 254 527 302 mulsam
563 251 717 301 facito
766 252 825 300 de
870 252 1033 301 mellis
1082 251 1277 315 cyathis
1308 252 1406 317 ΠΙ,
1446 250 1632 316 piperis
1672 255 1777 307 albi

86 346 133 391 p.
165 328 211 392 I,
266 326 397 376 croci
442 325 610 391 scrip,
650 325 754 389 apii
810 325 1011 374 seminis
1052 326 1194 388 scrip.
1237 325 1309 375 II:
1356 326 1479 375 11300
1531 328 1774 378 conterito

85 404 137 450 013
175 401 293 450 dato
331 416 422 463 per
460 415 526 449 os.

190 474 273 523 Ad
325 473 506 536 capitis
560 471 926 538 purgationem.
1012 474 1205 521 malum
1258 475 1490 522 terrestre
1544 474 1670 539 legis
1725 478 1775 524 et
1793 469 1855 514 52

35 564 57 598 5
80 548 226 597 findis
257 547 311 596 in
340 548 529 596 multas
560 549 729 610 partes
761 549 813 595 et
843 549 1018 596 contra
1049 548 1205 596 solem
1236 550 1328 596 aut
1357 547 1411 595 in
1437 548 1585 597 furno
1619 547 1773 598 siccas

21 623 26 627 ’
79 624 131 671 013
168 621 340 670 tundis
379 621 432 669 in
476 621 581 684 pilo
628 637 905 670 marmoreo
954 621 1221 686 diligenter
1267 624 1318 670 et
1364 621 1522 671 cernis
1571 624 1621 670 et
1659 621 1773 671 inde

79 698 234 759 caput
270 710 472 760 purgas.

189 770 318 818 Item
365 768 518 818 aliud.
588 768 805 817 farinam
857 769 1175 818 hordeaciam
1229 784 1344 818 cum
1392 770 1632 834 pastilliS,
1682 770 1857 833 (111153

79 843 405 907 suprascripti
444 844 576 906 sunt,
614 858 704 904 per
744 844 1006 907 aestatem,
1048 843 1090 890 si
1137 859 1226 905 per
1271 843 1506 907 hiemem,
1547 859 1663 893 cum
1699 844 1774 893 fa-

11 934 55 968 10
75 919 188 967 rina
231 917 430 966 triticea
468 916 640 965 eodem
677 916 823 965 modo
863 916 1016 964 dabis.

189 992 319 1040 Item
357 991 400 1039 si
447 1006 591 1039 aures
639 989 912 1055 doluerint,
961 989 1255 1055 diligentius
1275 996 1281 1003 “
1302 994 1499 1056 curato,
1547 1008 1609 1040 ne
1648 987 1772 1056 <111>
1787 999 1853 1047 54

79 1065 329 1114 insaniam
367 1066 702 1114 convertatur.
758 1066 874 1112 ante
915 1065 1083 1113 omnia
1123 1065 1270 1114 debes
1318 1065 1586 1129 diligenter
1624 1082 1770 1115 aures

79 1155 310 1204 purgare,
349 1155 410 1187 ne
452 1138 575 1201 quid
611 1137 911 1187 intrinsecus
947 1139 1027 1203 sit,
1068 1139 1204 1202 quod
1243 1140 1334 1187 aut
1365 1139 1586 1188 dolorem
1615 1140 1771 1189 faciat

83 1216 174 1263 aut
209 1213 390 1262 laedat.
455 1213 498 1261 si
534 1212 663 1260 nihil
700 1213 881 1261 horum
918 1212 1063 1277 inest,
1104 1213 1367 1277 spongiam
1403 1213 1607 1262 mollem
1638 1213 1771 1263 nitro

10 1301 54 1339 15
79 1290 131 1337 et
169 1303 302 1350 aqua
339 1289 644 1335 maceratam
690 1286 742 1334 in
789 1286 1069 1335 auriculam
1121 1286 1312 1336 mittito
1367 1288 1419 1335 et
1471 1303 1575 1335 una
1628 1289 1772 1336 nocte

21 1387 31 1398 x
79 1362 252 1410 eadem
291 1361 502 1425 spongia
540 1360 594 1408 in
634 1359 863 1409 auricula
893 1363 1188 1424 perseveret.
1251 1363 1450 1424 postero
1491 1360 1570 1408 die
1602 1361 1771 1410 foveto

82 1452 255 1484 aurem
291 1434 425 1483 nitro
465 1436 516 1483 et
555 1450 688 1497 aqua
728 1435 905 1499 calida,
943 1450 1104 1497 usque
1144 1450 1259 1483 cum
1298 1435 1439 1483 dolor
1469 1434 1713 1483 elimetur.

192 1509 321 1557 Item
360 1508 403 1557 si
442 1524 575 1571 aqua
614 1509 769 1557 fuerit
815 1509 867 1556 in
915 1524 1089 1557 aurem
1126 1508 1372 1573 ingressa,
1424 1509 1590 1556 oleum
1627 1509 1773 1557 vetus
1791 1515 1853 1562 55

81 1586 132 1632 et
186 1585 385 1632 acetum
439 1581 612 1645 aequis
673 1581 976 1644 ponderibus
1032 1581 1225 1631 adiecto
1289 1582 1423 1631 nitro
1483 1581 1537 1630 in
1601 1597 1774 1630 aurem

10 1671 55 1705 20
78 1657 268 1706 mittito
309 1658 360 1704 et
397 1657 568 1705 lanam
607 1656 1015 1719 superimponito.
1081 1656 1124 1704 si
1162 1657 1373 1707 vulnera
1407 1658 1568 1720 erunt,
1607 1656 1771 1719 lipara

79 1732 334 1780 curantur.

188 1804 242 1853 Si
281 1819 440 1867 equus
490 1804 756 1868 glandulas
801 1804 1037 1853 habuerit
1085 1804 1216 1853 inter
1260 1804 1512 1868 maxillaS,
1561 1804 1763 1853 eximito
1780 1812 1844 1857 56

76 1879 219 1928 ferm.
284 1878 326 1926 si
363 1893 559 1927 necesse
606 1878 780 1942 fuerit,
828 1880 879 1926 et
923 1878 1084 1943 1111130,
1131 1880 1304 1926 ustum
1350 1880 1524 1927 curato
1573 1879 1675 1926 sale
1716 1880 1767 1926 et

78 1953 185 2002 0100
225 1952 400 2001 diebus
440 1954 573 2015 octo;
623 1952 738 2001 inde
784 1952 917 2002 nitro
958 1955 1010 2001 et
1049 1969 1184 2015 aqua
1230 1952 1432 2016 diluito,
1483 1952 1526 1999 si
1576 1952 1767 2000 nitrum

11 2039 55 2072 25
76 2043 176 2076 non
213 2027 382 2091 fuerit,
418 2026 543 2075 lotio
577 2026 738 2075 calido
779 2028 870 2075 aut
907 2026 1074 2075 lixivo.
1136 2029 1253 2089 post
1290 2027 1466 2075 vinum
1504 2041 1619 2075 cum
1658 2026 1766 2075 oleo

78 2103 129 2149 et
165 2101 382 2149 farinam
421 2100 480 2148 de
520 2116 635 2150 ervo
674 2100 919 2163 imponito
965 2117 1055 2163 per
1101 2101 1348 2164 triduum,
1396 2100 1510 2149 inde
1559 2100 1676 2149 Vino
1718 2102 1768 2147 013

76 2174 241 2223 farina
277 2174 542 2223 hordeacia
581 2176 756 2223 curato
794 2190 955 2237 usque
996 2174 1060 2222 ad
1099 2174 1380 2222 sanitatem.

190 2249 244 2298 Si
280 2248 535 2311 parotides
573 2248 809 2296 habuerit
846 2248 899 2295 in
929 2247 1161 2296 faucibus
1200 2248 1282 2296 vel
1312 2247 1576 2296 tubercula
1617 2263 1768 2309 appa·
1788 2255 1849 2300 57

76 2324 202 2387 rent,
242 2323 464 2372 fomenta
502 2322 770 2386 imponito,
809 2324 871 2370 ut
909 2324 960 2370 et
997 2323 1317 2370 maturentur
1364 2323 1415 2370 et
1464 2321 1769 2384 aperiantur,

15 2407 58 2441 30
84 2398 134 2445 et
183 2413 297 2445 cum
351 2396 660 2460 aperuerint,
714 2396 923 2445 linteola
966 2395 1164 2444 minuta
1212 2411 1327 2444 cum
1377 2396 1485 2444 oleo
1533 2396 1584 2443 et
1630 2397 1769 2443 aceto

79 2470 371 2519 vulneribus
432 2469 699 2534 imponito,
753 2485 915 2533 usque
970 2485 1083 2518 cum
1128 2486 1259 2532 pura
1312 2469 1414 2517 sint
1467 2471 1517 2517 et
1570 2469 1768 2516 munda.

79 2544 192 2593 inde
223 2544 377 2607 Lycio
412 2546 463 2592 et
499 2544 822 2592 medicamine
856 2544 1195 2607 suprascripto
1235 2545 1426 2607 curato,
1466 2545 1517 2591 et
1555 2559 1669 2591 cum
1708 2543 1771 2589 ad

202 2689 225 2728 1
261 2686 382 2742 cyat.
414 2684 520 2741 111ss
555 2689 582 2730 ὅ
614 2684 760 2729 findes
797 2687 814 2741 ΙΙ
847 2691 871 2730 7
905 2698 1063 2729 cernes
1102 2685 1118 2742 ΙΙ
1157 2688 1183 2728 8
1215 2682 1429 2741 pastellis
1465 2684 1482 2739 ΙΙ
1524 2687 1579 2726 14
1609 2681 1765 2740 ledat}

79 2745 204 2788 nitro
251 2746 300 2788 013
346 2758 474 2801 aqua
518 2745 829 2802 maceratam]
879 2742 980 2801 μέλι
1025 2743 1108 2788 καὶ
1154 2744 1313 2800 νίτρον
1368 2741 1449 2786 καὶ
1493 2740 1620 2799 ὕδωρ
1668 2742 1771 2785 διυ-

80 2800 244 2847 λισθέν
276 2803 333 2847 Η
351 2805 365 2861 ΙΙ
392 2808 445 2848 17
494 2803 666 2848 callida
703 2804 711 2860 Ι
753 2803 914 2848 (101010
961 2803 1152 2847 limetur
1188 2805 1204 2859 u
1243 2806 1301 2846 20
1350 2815 1488 2858 super
1525 2799 1771 2864 inponitoll

5 2921 8 2923 v
82 2867 140 2965 ἓξ
169 2861 315 2964 {rei-bo
346 2864 362 2919 ΙΙ
393 2867 447 2907 27
481 2863 634 2908 farina
671 2862 972 2908 hordeaciam
1003 2864 1018 2921 ΙΙ
1049 2867 1106 2907 29
1138 2860 1354 2919 inponito
1385 2862 1401 2919 ΙΙ
1437 2865 1490 2905 31
1525 2859 1771 2918 inponitoss

188 2935 278 2966 1010
