2060 3232
836 113 1242 167 —136—

192 249 254 291 et
292 245 485 291 collatio
525 243 718 317 Goesii).
780 242 924 300 Hipp.
950 249 1006 289 56
1054 244 1359 300 Πελαγωνίου
1397 242 1506 310 περὶ
1544 242 1750 298 κήλωνος
1789 239 1891 288 ἔπι-

205 309 342 362 λογῆς
374 306 448 361 (=
476 304 538 348 M
559 307 614 348 27
639 318 698 347 πε
707 301 758 359 ’),
789 303 871 347 ubi
895 302 1154 361 Hipparchi
1179 303 1382 348 auctoris
1405 301 1560 359 ignoti
1592 303 1668 358 (cf.
1693 302 1889 358 praefat.

204 381 252 421 Ρ.
280 366 351 420 18)
399 362 769 420 experimentum
816 361 1078 435 praecedit,
1120 362 1407 406 Columellas
1456 361 1599 405 verba
1635 361 1800 419 τρόποι
1838 360 1891 406 δὲ

208 425 364 467 ιππων
408 418 650 466 έπαινετοί
684 419 816 475 εἰσιν,
861 419 973 465 ὅταν
1006 421 1100 465 ἀπὸ
1133 418 1403 494 πραοτέρων
1426 378 1816 495 διεγηγερμένοιτ
1818 421 1895 465 εὑ-

203 485 393 539 ρεθῶσι,
411 481 492 525 καὶ
515 480 672 535 πάλιν,
698 477 810 523 ὅταν
835 481 929 524 ἀπὸ
954 478 1271 537 κεκινημένων
1296 484 1462 537 πραεῖς
1485 478 1726 553 γένωνται.
1765 475 1895 524 οὗτοι

204 540 287 586 καὶ
319 539 386 591 εἰς
415 539 500 596 τὴν
541 538 762 594 τοιαύτην
804 539 1064 597 ὑπηρεσίαν
1103 538 1319 596 χρήσιμοι
1356 537 1637 594 τυγχάνουσι
1675 539 1800 593 (11.6.
1834 538 1896 583 ad

204 601 502 655 obsequium,
534 599 592 643 cf.
620 597 716 643 Col.
741 597 807 642 VI
831 602 987 654 27,10
1013 598 1092 655 al.)
1130 597 1211 641 καὶ
1250 595 1316 648 εἰς
1354 596 1590 653 καμάτους
1629 595 1791 641 ἱκανοί
1825 611 1894 642 se-

203 659 385 704 cuntur.

325 717 372 761 si
404 714 664 762 volueris
698 715 845 759 scire
870 729 907 760 e.
925 731 968 772 q.
987 715 1043 789 s.]
1069 683 1268 788 aiterum
1279 719 1559 788 proyeneret
1562 729 1666 759 eum
1682 714 1898 760 videatur

211 777 422 821 sufficere
455 773 518 834 (εἰ
545 772 702 824 θέλεις
732 781 909 831 γνῶναι
948 773 1135 829 κήλωνα
1167 772 1391 832 χρήσιμον
1423 773 1505 817 καὶ
1538 769 1588 817 έν
1626 778 1689 833 τῷ
1727 775 1899 819 τίκτειν

206 832 429 893 ἐσόμενον
487 834 727 891 δόκιμον),
774 835 976 879 fortasse
1021 834 1218 878 duorum
1261 834 1472 878 codicum
1522 819 1749 878 lectiones
1791 847 1901 878 eon—

204 894 346 940 flatae
379 895 487 939 sunt
517 896 600 938 aut
629 894 785 949 priore
815 894 920 938 loco
952 893 1147 938 verbum
1179 892 1393 937 additum
1423 906 1506 949 pei·
1537 906 1753 938 errorem.

333 954 458 1009 Cap.
483 952 516 997 Ι
573 951 605 996 4
637 952 733 998 Col.
760 952 824 997 VI
848 957 919 1008 30,
947 957 972 996 3
998 953 1264 1010 plerumque
1300 953 1504 996 iumenta
1544 953 1720 997 morbos
1750 952 1899 997 conci-

203 1014 349 1070 piunt
381 1012 653 1057 lassitudine
683 1015 724 1056 et
755 1017 898 1068 aestu,
926 1025 1259 1068 nonnunquam
1290 1015 1331 1054 et
1360 1011 1557 1068 friyore,
1595 1015 1637 1055 et
1675 1025 1778 1055 cum
1815 1023 1898 1056 suo

210 1077 406 1127 tempore
436 1071 623 1116 urinam
662 1083 756 1115 non
793 1072 1010 1126 fecerint,
1051 1071 1119 1114 vel
1156 1071 1199 1114 si
1240 1070 1414 1114 sudant
1450 1074 1492 1115 et
1532 1085 1562 1114 a
1600 1071 1901 1115 concitatione

209 1131 443 1185 confestim
475 1130 671 1174 biberint
709 1131 777 1174 vel
815 1131 857 1173 si
897 1143 998 1174 cum
1037 1130 1121 1174 diu
1158 1130 1383 1184 steterint,
1421 1130 1571 1173 subito
1616 1130 1679 1173 ad
1717 1143 1902 1174 curswm

216 1190 488 1234 extimulata
517 1193 638 1232 sunt.
702 1188 761 1231 de
792 1187 916 1233 fame
946 1189 1077 1231 tacet
1107 1186 1251 1232 etiam
1282 1186 1507 1244 Vegetius
1530 1189 1551 1230 Ι
1578 1193 1646 1244 17,
1671 1192 1713 1232 4.
1775 1189 1828 1232 Η
1843 1193 1899 1233 23

207 1248 511 1304 Πελαγωνίου
557 1247 673 1302 πρὸς
719 1246 879 1303 λοιμόν
929 1248 1004 1303 (=
1030 1247 1093 1290 M
1120 1252 1173 1290 19
1197 1245 1291 1322 μα’
1333 1246 1449 1302 πρὸς
1494 1263 1649 1290 παντα
1695 1246 1902 1304 λοιμόν)

208 1306 290 1358 τὰς
325 1307 601 1363 θεραπείας
618 1306 698 1350 καὶ
738 1323 845 1357 τους
883 1306 1054 1356 ποτους
1093 1304 1151 1349 δι’
1188 1322 1252 1349 ων
1293 1303 1341 1350 οἷ
1367 1305 1519 1362 λοιμοὶ
1557 1306 1907 1365 ἀποσοβοῦνται

207 1366 294 1422 χρὴ
328 1368 503 1423 μαθεῖν
535 1368 628 1409 κτλ.

328 1425 357 1468 5
390 1424 448 1468 H
473 1429 529 1468 23
578 1423 605 1479 ἡ
647 1422 869 1481 λεγομένη
919 1423 1002 1468 διὰ
1041 1421 1179 1468 πέντε
1220 1424 1463 1475 ἀντίδοτος
1503 1425 1773 1468 συνίσταται
1804 1424 1900 1469 ἀπὸ

207 1490 482 1540 γεντιανῆς,
522 1483 881 1540 αριστολοχείας,
921 1482 1104 1527 κόκκων
1145 1482 1344 1540 δαφνης,
1385 1483 1608 1540 σμύρνης,
1648 1485 1906 1542 πρίσματος

214 1540 521 1611 ἐλεφαντίνου
560 1546 654 1587 κτλ.
724 1542 820 1600 Veg
823 1544 943 1587 etius
984 1544 1179 1587 eandem
1211 1544 1474 1599 potionem
1491 1546 1654 1587 contra
1691 1544 1906 1588 morbum

212 1603 401 1670 saepius
449 1603 784 1648 commemorat-
807 1602 829 1645 Ι
854 1606 923 1658 10,
950 1607 991 1647 6
1038 1601 1184 1658 1136,
1213 1607 1250 1647 1.
1298 1601 1363 1646 VI
1388 1607 1436 1658 8,
1463 1607 1503 1648 6
1522 1606 1572 1656 8,
1619 1602 1902 1658 Pelagonius

209 1662 381 1706 iterum
411 1666 516 1706 449.
547 1660 588 1705 is
629 1662 754 1706 solus
793 1661 884 1706 hoc
924 1660 1030 1705 loco
1072 1637 1277 1705 auct’oris
1318 1659 1406 1705 viri
1446 1659 1694 1706 clarissimi
1734 1675 1906 1706 nomen

213 1721 418 1766 servavit
449 1719 713 1765 medicinae
746 1722 878 1765 cuius
909 1721 1227 1776 eoeperimentis
1257 1721 1548 1765 indubitatae
1577 1724 1686 1765 sunt
1715 1721 1834 1765 vires
1863 1724 1906 1765 et

209 1781 310 1825 sine
347 1794 439 1837 qua
475 1780 799 1825 mulomedicus
843 1780 1035 1824 mutilus
1087 1784 1150 1824 est
1197 1779 1318 1837 (Veg
1285 1794 1330 1836 g.
1363 1779 1385 1822 Ι
1418 1784 1495 1836 16,
1521 1782 1581 1836 4).
1653 1779 1906 1824 earundem

214 1838 472 1895 specierum
519 1839 672 1895 pulvis
720 1839 922 1883 occurrit
971 1842 1074 1883 366.
1136 1838 1194 1883 de
1235 1838 1481 1883 Gallicano
1521 1839 1571 1882 in
1609 1838 1903 1895 praefatione

212 1912 259 1954 p.
288 1902 341 1941 17
375 1897 552 1941 dictum
584 1898 670 1942 est.

334 1970 453 2000 cum
498 1955 904 2000 necessarium
953 1956 1086 2014 erit]
1142 1955 1310 2000 melius
1363 1956 1567 2028 fortasse
1608 1957 1745 2011 dum,
1794 1956 1908 2012 quia

213 2015 458 2072 praecedit
488 2017 540 2059 in
570 2016 830 2061 necessitate
857 2017 1094 2071 profertur
1124 2012 1229 2072 (εως
1260 2031 1320 2058 αν
1351 2014 1485 2071 ὑγιὴς
1514 2013 1706 2071 γένηται
1737 2016 1823 2071 Η).

335 2074 365 2118 6
395 2074 454 2118 Η
470 2079 527 2119 26
554 2073 663 2119 ἄλλο
687 2075 905 2131 Λιτορίου
932 2073 1292 2134 Βενεβεντανου.
1341 2073 1571 2119 Litorium
1596 2074 1904 2119 clarissimum

211 2133 367 2178 virum
412 2133 489 2190 (cf.
522 2134 668 2190 praef.
701 2149 744 2190 p.
782 2139 836 2178 17
858 2135 946 2190 sq.)
1001 2135 1110 2177 ante
1162 2135 1413 2190 Apsyrtum
1469 2133 1730 2178 remedium
1782 2133 1904 2178 illud

214 2192 415 2236 edidisse
441 2192 565 2237 effici
586 2192 776 2237 videtur
800 2193 935 2237 huius
960 2193 1115 2238 verbis
1131 2192 1271 2249 Η1ΡΡ.
1290 2197 1343 2236 10
1368 2192 1651 2249 θεραπεύων
1680 2191 1727 2236 δ’
1748 2192 1809 2236 ἄν
1833 2209 1902 2244 τις

215 2247 518 2308 ἐπιτυγχανοι
549 2253 744 2309 αἵματος
775 2249 1024 2309 ἀφαιρέσει
1050 2251 1171 2295 λύων
1202 2268 1285 2302 τας
1317 2247 1368 2295 έν
1392 2256 1453 2311 τῷ
1477 2252 1707 2327 προσώπῳ
1732 2250 1909 2312 φλέβας

214 2309 296 2354 καὶ
327 2309 409 2360 τὰς
434 2306 485 2354 ἒν
510 2315 572 2369 τῷ
599 2310 777 2366 στήθει,
812 2309 880 2355 ἔτι
911 2310 962 2355 δὲ
997 2311 1263 2355 διακόπτων
1296 2310 1354 2354 τὰ
1379 2297 1632 2367 μέσοκύνια
1656 2315 1905 2386 προσφορᾷ

217 2385 267 2413 τε
307 2375 484 2426 τροφῆς
522 2371 835 2444 παντοδαπῆς
867 2369 1129 2444 (Pelagonii
1167 2371 1396 2427 interpres
1446 2371 1664 2426 ποικίλην
1703 2369 1907 2442 τροφήν)

217 2431 432 2472 κτλ..
466 2429 675 2485 εἰρηνται
706 2428 758 2472 δὲ
785 2445 913 2472 ουτοι
939 2427 987 2472 οἴ
1015 2425 1344 2486 έγχυματισμοὶ
1374 2435 1471 2480 τοῖς
1493 2429 1583 2486 πρὸ
1607 2428 1751 2486 ἡμῶν.
1796 2427 1909 2486 ἡμέ-

217 2502 330 2544 τερα
362 2485 414 2531 δὲ
447 2486 684 2544 εὑρήματα
715 2494 863 2531 ταῦτα
894 2491 987 2531 κτλ.
1022 2490 1097 2544 (ex
1136 2490 1266 2544 Apsy
1268 2489 1342 2532 rto
1375 2489 1614 2533 Hierocles
1647 2487 1772 2544 Hipp
1777 2491 1905 2544 ..14)

335 2545 815 2603 depectorandus,
864 2546 1369 2613 detemporandus]
1408 2546 1527 2591 illud
1567 2504 1740 2591 etiamp
1742 2503 1853 2604 Veg
1855 2561 1901 2591 e-

215 2605 285 2649 tio
309 2604 352 2648 V
379 2609 447 2660 14,
473 2610 499 2649 3
532 2619 588 2648 ex
627 2604 897 2650 Corbeiensi
934 2604 1279 2649 restituendum
1317 2606 1519 2650 videtur.
1582 2604 1803 2650 usitatius
1821 2562 1907 2651 gest

215 2665 487 2722 sanquinem
519 2665 751 2709 detrahere
782 2665 837 2709 de
859 2668 1057 2721 pectore,
1087 2665 1142 2709 de
1164 2665 1455 2720 temporibus,
1486 2666 1540 2708 ut
1564 2666 1726 2708 auctor
1749 2667 1909 2710 noster

214 2722 285 2767 ait
315 2723 476 2767 multis
507 2723 637 2767 locis.
701 2722 758 2768 cf.
783 2727 869 2767 291
902 2723 1324 2768 debrachiolandus.

335 2782 393 2826 id
424 2783 510 2826 est
540 2781 743 2827 hordei
773 2780 1018 2826 farinam
1050 2796 1088 2827 e.
1114 2796 1158 2838 q.
1184 2782 1240 2838 s.]
1276 2781 1455 2826 omittit
1483 2782 1726 2838 Apsyrtus.
1769 2783 1906 2827 Pela.-

215 2839 348 2897 gonii
378 2840 606 2898 interpres
631 2841 764 2885 addit
785 2840 933 2886 tritici
955 2841 1177 2885 farinam:
1211 2840 1408 2897 ἄλευρον
1440 2844 1611 2897 κριθῆς
1635 2841 1715 2885 καὶ
1738 2848 1905 2897 πυροῦ,

217 2900 273 2943 οὐ
307 2899 398 2956 μὴν
430 2899 547 2944 ἀλλὰ
577 2899 658 2944 καὶ
681 2901 867 2957 πίτυρα,
892 2902 1058 2957 χόρτου
1084 2899 1136 2944 δὲ
1163 2899 1318 2957 ὀλίγον
1343 2901 1474 2958 (item
1500 2902 1598 2945 cod.
1625 2902 1700 2958 P).
1733 2901 1906 2957 πίτυρα
