2060 3232
933 126 1295 178 -60-

170 265 264 310 135
393 263 562 312 Aliud.
647 263 869 312 merdam
922 262 1200 325 leporinam
1253 278 1368 311 cum
1426 279 1605 312 novem
1658 263 1964 311 coclearibus

278 338 442 386 mellis
481 340 532 386 et
570 337 854 400 quindecim
892 336 1061 401 granis
1098 336 1285 399 piperis
1323 337 1376 384 in
1413 336 1652 386 mortario
1692 353 1806 385 cum
1844 353 1962 386 suco

280 413 340 460 de
380 411 606 461 coliculis
643 411 834 474 pariter
870 411 1020 459 terito
1060 413 1112 458 et
1147 427 1238 473 per
1276 426 1431 459 cornu
1469 410 1600 460 dato.
1662 411 1777 459 inde
1815 411 1964 459 cassi-

277 485 444 534 terina
481 486 684 533 lamella
724 500 896 532 aurem
935 484 1189 532 sinistram
1224 484 1515 546 pertundito
1555 487 1606 533 et
1643 485 1815 548 ligato.

166 560 262 605 13ss
388 559 555 607 Aliud.
619 559 749 606 talos
782 557 971 620 suillos,
1010 559 1180 606 tamen
1212 557 1301 619 qui
1333 557 1531 605 dentem
1559 559 1837 606 humanum
1867 574 1967 607 non
2010 567 2033 600 5

277 633 559 697 tetigerint,
610 634 711 679 tres
765 630 1043 679 comburito
1091 633 1142 678 et
1194 646 1309 678 cum
1359 630 1467 679 vini
1520 632 1719 680 hemina
1766 633 1817 679 et
1869 631 1967 680 olei

277 707 575 755 tantundem
612 704 869 767 potionem
907 703 1062 752 dabis.

167 781 258 826 137
388 780 556 828 Aliud.
621 778 663 826 si
703 780 891 826 stercus
931 777 1268 842 gallinaceum
1306 779 1705 843 manducaverit,
1753 779 1857 842 apii
1894 794 1966 828 se·
2052 779 2060 782 ’

274 854 422 903 minis
463 853 668 915 cyathos
705 852 754 899 V
792 867 907 900 cum
944 851 1050 900 vini
1090 854 1208 900 sext.
1250 854 1302 900 et
1337 853 1501 901 mellis
1543 854 1669 901 hem.
1709 853 1967 915 potionem

275 928 416 976 dabis
455 929 506 976 et
544 925 822 974 inambulet
860 926 1077 990 tamdiu,
1130 925 1371 988 quamdiu
1416 927 1555 990 potio
1593 930 1820 976 ventrem
1863 943 1966 976 mo·
1991 937 2035 969 1⁰

274 1003 403 1050 veat.
484 1017 601 1048 sane
649 999 691 1047 si
738 1016 768 1047 a
815 1000 984 1048 dolore
1031 1001 1082 1048 et
1129 999 1444 1050 obroboratio
1493 1001 1649 1049 fuerit
1686 1001 1966 1065 subsecuta,

272 1075 422 1123 bacas
484 1074 638 1137 lauri,
703 1070 896 1136 (nitri)
958 1073 1117 1138 selib.,
1181 1073 1310 1122 aceti
1371 1077 1489 1123 sext.
1553 1074 1624 1139 II⁷
1688 1075 1785 1123 olei
1847 1077 1966 1124 sext.

272 1165 363 1211 per
411 1148 639 1195 triduum
692 1147 745 1194 in
799 1147 960 1196 calido
1022 1148 1131 1196 loco
1184 1164 1446 1212 perunges.
1540 1149 1815 1198 certissima
1867 1165 1968 1197 me-

273 1223 386 1270 dela
425 1224 512 1270 est.

168 1295 263 1341 138
391 1295 548 1343 Aliud
588 1295 821 1358 apopiras
859 1295 1136 1357 physicum.
1202 1295 1242 1343 si
1290 1298 1480 1344 stercus
1521 1294 1596 1357 [in
1642 1296 1741 1345 alio
1790 1296 1879 1344 sic:
1919 1298 1970 1344 et
1994 1306 2036 1339 15

278 1370 402 1417 mali
440 1369 642 1433 granati
674 1369 910 1417 corticem
940 1369 991 1416 in
1016 1369 1132 1418 licio
1159 1369 1427 1431 suspendes
1459 1372 1510 1417 et
1538 1370 1629 1419 hos
1661 1370 1970 1420 caractheres

278 1443 433 1491 facies
473 1443 526 1490 in
565 1444 739 1491 cartha
776 1459 906 1505 pura
946 1446 997 1491 et
1035 1443 1292 1492 combures
1333 1446 1383 1492 et
1419 1443 1587 1492 bibere
1627 1443 1769 1492 dabis
1809 1446 1859 1492 et
1895 1460 1970 1492 re-

280 1517 451 1565 siduos
503 1517 812 1565 caractheres
868 1533 985 1565 sane
1042 1534 1143 1565 non
1197 1518 1390 1581 inueni,
1446 1517 1656 1580 scriptos
1706 1519 1759 1565 in
1804 1517 1970 1567 codice

279 1591 353 1638 hii
393 1593 542 1639 erunt
578 1589 888 1653 requirendi]
936 1591 1272 1654 gallinaceum
1319 1592 1607 1656 comederit,
1653 1593 1852 1655 pullum
1889 1592 1971 1641 vel

281 1665 527 1728 gallinam
551 1664 708 1713 occidi
731 1664 883 1712 facies
908 1666 959 1712 et
981 1667 1207 1713 ventrem
1230 1665 1388 1728 ipsius
1413 1666 1494 1714 vel
1517 1665 1735 1730 gallinae
1759 1666 1971 1715 crudum
1994 1677 2038 1709 20

281 1754 396 1787 cum
443 1740 657 1787 stercore
712 1755 840 1800 equo
894 1739 975 1787 vel
1026 1739 1194 1787 mulae
1257 1739 1596 1788 devorandum
1649 1740 1811 1803 dabis3
1865 1742 1970 1805 aut,

280 1813 418 1875 quod
454 1812 619 1860 maius
659 1815 747 1876 est,
787 1812 937 1874 cyphi
977 1828 1090 1860 cum
1120 1813 1236 1862 vino
1270 1813 1423 1877 dabis,
1464 1813 1636 1861 eadem
1665 1815 1788 1863 hora
1828 1829 1970 1862 sana-

278 1886 439 1948 bitur3
480 1888 570 1934 aut
609 1885 820 1935 lixivum
857 1885 1085 1949 tepidum
1124 1902 1238 1934 cum
1285 1887 1392 1935 oleo
1440 1887 1671 1935 faucibus
1717 1888 1970 1936 infundes:

279 1960 572 2008 medebitur.

389 2166 526 2214 VIII.
567 2166 653 2213 Ad
694 2181 790 2215 eos
831 2167 933 2228 qui
970 2184 1086 2216 non
1123 2168 1348 2216 meiant
1387 2170 1445 2215 et
1487 2168 1748 2216 remedia
1787 2169 1858 2216 ad
1993 2179 2036 2212 25

961 2241 1282 2303 dysuriam.

647 2342 1073 2392 PELAGONIVS
1111 2344 1445 2393 FESTIANO
1485 2345 1599 2392 ΑΙΤ

166 2444 261 2490 139
388 2447 541 2494 Multi
573 2447 755 2509 quibus
788 2447 925 2496 cordi
956 2449 1032 2495 est
1055 2447 1285 2496 educatio
1309 2449 1390 2496 vel
1421 2464 1541 2496 cura
1564 2448 1758 2512 generis
1784 2449 1968 2513 equini,

275 2521 675 2583 frequentissime
716 2521 893 2570 erroris
941 2521 1158 2569 subeunt
1203 2522 1414 2583 culpam.
1493 2538 1610 2569 nam
1649 2538 1763 2570 cum
1809 2538 1968 2584 equus

275 2596 356 2643 vel
395 2595 535 2642 aliud
572 2610 729 2659 genus
769 2595 1000 2642 animalis
1039 2594 1243 2656 dysuria
1273 2597 1485 2642 vexatur
1523 2597 1573 2643 et
1609 2595 1821 2643 maxime
1859 2611 1966 2644 suc·
1990 2607 2036 2638 3⁰

398 2755 423 2793 3
460 2749 569 2794 inde
594 2750 775 2795 Sarda.-
805 2749 855 2793 in
887 2749 932 2793 R
955 2750 970 2805 ΙΙ
994 2753 1020 2793 5
1052 2750 1175 2793 talas
1199 2751 1214 2807 ΙΙ
1239 2755 1264 2793 6
1289 2748 1519 2793 co‘ffiurito
1544 2751 1560 2807 ΙΙ
1583 2754 1609 2793 8
1633 2749 1938 2806 gallinacium
1958 2751 1964 2809 Ι

280 2808 358 2864 api
394 2823 550 2852 semen
574 2810 590 2865 ΙΙ
625 2814 677 2853 12
710 2809 742 2868 <
770 2809 802 2867 >
831 2810 1013 2853 restitui
1042 2822 1098 2852 ex
1127 2809 1185 2852 H
1218 2813 1259 2852 et
1295 2807 1398 2865 Vey.
1422 2808 1438 2863 ΙΙ
1464 2813 1517 2852 13
1551 2810 1721 2852 callido
1745 2812 1759 2864 ΙΙ
1786 2814 1839 2853 13
1872 2823 1968 2853 me-

278 2866 405 2910 della
439 2868 455 2922 11
492 2871 545 2909 15
577 2868 774 2923 fysicum
809 2869 826 2923 ss
863 2872 916 2910 18
948 2867 998 2909 in
1028 2866 1160 2910 uenis
1183 2868 1199 2923 ΙΙ
1225 2871 1278 2910 19
1320 2866 1624 2923 gallinacium
1657 2869 1921 2913 comederet
1953 2868 1969 2926 Η

283 2930 340 2968 22
374 2925 517 2981 cyphi
548 2939 651 2968 cum
683 2926 870 2982 scripsi.-
902 2925 1127 2968 caefinum
1158 2925 1204 2968 R
1227 2926 1243 2981 ΙΙ
1266 2930 1322 2969 25
1355 2926 1560 2970 remedisi
