<?xml version="1.0" encoding="UTF-8"?>
<!DOCTYPE html PUBLIC "-//W3C//DTD XHTML 1.0 Transitional//EN"
    "http://www.w3.org/TR/xhtml1/DTD/xhtml1-transitional.dtd">
<html xmlns="http://www.w3.org/1999/xhtml" xml:lang="en" lang="en">
 <head>
  <title>
</title>
<meta http-equiv="Content-Type" content="text/html;charset=utf-8" />
  <meta name='ocr-system' content='tesseract 3.04.00' />
  <meta name='ocr-capabilities' content='ocr_page ocr_carea ocr_par ocr_line ocrx_word'/>
</head>
<body>
  <div class='ocr_page' id='page_1' title='image "artisveterinaria00pelauoft_0026.png"; bbox 0 0 2060 3232; ppageno 0'>
   <div class='ocr_carea' id='block_1_1' title="bbox 867 123 1227 175">
    <p class='ocr_par' dir='ltr' id='par_1_1' title="bbox 867 123 1227 175">
     <span class='ocr_line' id='line_1_1' title="bbox 867 123 1227 175; baseline -0.003 -15"><span class='ocrx_word' id='word_1_1' title='bbox 867 123 1227 175; x_wconf 73' lang='lat'>—20—</span> 
     </span>
    </p>
   </div>
   <div class='ocr_carea' id='block_1_2' title="bbox 193 256 1898 2391">
    <p class='ocr_par' dir='ltr' id='par_1_2' title="bbox 207 256 1892 328">
     <span class='ocr_line' id='line_1_2' title="bbox 207 256 1892 328; baseline -0.005 -15"><span class='ocrx_word' id='word_1_2' title='bbox 207 263 537 328; x_wconf 84' lang='lat' dir='ltr'>Pelagonium</span> <span class='ocrx_word' id='word_1_3' title='bbox 561 261 757 311; x_wconf 89' lang='lat' dir='ltr'>omissis</span> <span class='ocrx_word' id='word_1_4' title='bbox 781 259 935 324; x_wconf 90' lang='lat' dir='ltr'>signis</span> <span class='ocrx_word' id='word_1_5' title='bbox 961 257 1224 321; x_wconf 82' lang='lat' dir='ltr'>causisque</span> <span class='ocrx_word' id='word_1_6' title='bbox 1247 256 1536 305; x_wconf 88' lang='lat' dir='ltr'><strong>morborum</strong></span> <span class='ocrx_word' id='word_1_7' title='bbox 1558 258 1664 304; x_wconf 86' lang='lat' dir='ltr'>tam</span> <span class='ocrx_word' id='word_1_8' title='bbox 1680 271 1892 320; x_wconf 85' lang='lat' dir='ltr'>magnae</span> 
     </span>
    </p>

    <p class='ocr_par' dir='ltr' id='par_1_3' title="bbox 205 329 1891 399">
     <span class='ocr_line' id='line_1_3' title="bbox 205 329 1891 399; baseline -0.005 -12"><span class='ocrx_word' id='word_1_9' title='bbox 205 338 280 387; x_wconf 91' lang='lat' dir='ltr'>rei</span> <span class='ocrx_word' id='word_1_10' title='bbox 304 337 632 386; x_wconf 88' lang='lat' dir='ltr'>fundamenta</span> <span class='ocrx_word' id='word_1_11' title='bbox 662 334 940 399; x_wconf 82' lang='lat' dir='ltr'>neglexisse</span> <span class='ocrx_word' id='word_1_12' title='bbox 970 333 1079 380; x_wconf 90' lang='lat' dir='ltr'>iure</span> <span class='ocrx_word' id='word_1_13' title='bbox 1102 330 1376 391; x_wconf 86' lang='lat' dir='ltr'>miraberiS‚</span> <span class='ocrx_word' id='word_1_14' title='bbox 1409 329 1484 377; x_wconf 90' lang='lat' dir='ltr'>ita</span> <span class='ocrx_word' id='word_1_15' title='bbox 1506 332 1567 378; x_wconf 91' lang='lat' dir='ltr'>ut</span> <span class='ocrx_word' id='word_1_16' title='bbox 1591 332 1681 378; x_wconf 88' lang='lat' dir='ltr'>aut</span> <span class='ocrx_word' id='word_1_17' title='bbox 1704 329 1891 378; x_wconf 89' lang='lat' dir='ltr'>iniuste</span> 
     </span>
    </p>

    <p class='ocr_par' dir='ltr' id='par_1_4' title="bbox 207 404 1892 620">
     <span class='ocr_line' id='line_1_4' title="bbox 209 404 1891 468; baseline -0.005 -8"><span class='ocrx_word' id='word_1_18' title='bbox 209 428 323 460; x_wconf 84' lang='lat' dir='ltr'>eum</span> <span class='ocrx_word' id='word_1_19' title='bbox 339 411 560 459; x_wconf 88' lang='lat' dir='ltr'>iudicare</span> <span class='ocrx_word' id='word_1_20' title='bbox 586 412 676 458; x_wconf 89' lang='lat' dir='ltr'>aut</span> <span class='ocrx_word' id='word_1_21' title='bbox 699 408 878 457; x_wconf 91' lang='lat' dir='ltr'>mutilo</span> <span class='ocrx_word' id='word_1_22' title='bbox 897 405 1168 468; x_wconf 88' lang='lat' dir='ltr'>exemplari</span> <span class='ocrx_word' id='word_1_23' title='bbox 1183 419 1331 452; x_wconf 89' lang='lat' dir='ltr'>usum</span> <span class='ocrx_word' id='word_1_24' title='bbox 1350 418 1455 451; x_wconf 87' lang='lat' dir='ltr'>esse</span> <span class='ocrx_word' id='word_1_25' title='bbox 1473 404 1799 452; x_wconf 86' lang='lat' dir='ltr'>statuendum</span> <span class='ocrx_word' id='word_1_26' title='bbox 1812 404 1891 452; x_wconf 88' lang='lat' dir='ltr'>sit.</span> 
     </span>
     <span class='ocr_line' id='line_1_5' title="bbox 318 477 1892 540; baseline -0.005 -6"><span class='ocrx_word' id='word_1_27' title='bbox 318 485 455 533; x_wconf 92' lang='lat' dir='ltr'><strong>VIII.</strong></span> <span class='ocrx_word' id='word_1_28' title='bbox 494 485 672 532; x_wconf 87' lang='lat' dir='ltr'>Restat</span> <span class='ocrx_word' id='word_1_29' title='bbox 708 484 768 530; x_wconf 90' lang='lat' dir='ltr'>ut</span> <span class='ocrx_word' id='word_1_30' title='bbox 806 481 866 529; x_wconf 91' lang='lat' dir='ltr'>de</span> <span class='ocrx_word' id='word_1_31' title='bbox 903 480 1098 528; x_wconf 87' lang='lat' dir='ltr'>ratione</span> <span class='ocrx_word' id='word_1_32' title='bbox 1137 494 1295 527; x_wconf 83' lang='lat' dir='ltr'>novae</span> <span class='ocrx_word' id='word_1_33' title='bbox 1335 477 1566 526; x_wconf 75' lang='lat' dir='ltr'>editionis</span> <span class='ocrx_word' id='word_1_34' title='bbox 1605 493 1768 540; x_wconf 88' lang='lat' dir='ltr'>pauca</span> <span class='ocrx_word' id='word_1_35' title='bbox 1807 478 1892 526; x_wconf 88' lang='lat' dir='ltr'>ad-</span> 
     </span>
     <span class='ocr_line' id='line_1_6' title="bbox 207 551 1891 620; baseline -0.005 -12"><span class='ocrx_word' id='word_1_36' title='bbox 207 560 335 608; x_wconf 91' lang='lat' dir='ltr'>dam.</span> <span class='ocrx_word' id='word_1_37' title='bbox 390 558 563 620; x_wconf 86' lang='lat' dir='ltr'>itaque</span> <span class='ocrx_word' id='word_1_38' title='bbox 596 557 659 605; x_wconf 90' lang='lat' dir='ltr'>ad</span> <span class='ocrx_word' id='word_1_39' title='bbox 688 554 1037 604; x_wconf 83' lang='lat' dir='ltr'>recensendam</span> <span class='ocrx_word' id='word_1_40' title='bbox 1065 552 1342 602; x_wconf 88' lang='lat' dir='ltr'>orationem</span> <span class='ocrx_word' id='word_1_41' title='bbox 1371 551 1756 600; x_wconf 80' lang='lat' dir='ltr'>fundamentum</span> <span class='ocrx_word' id='word_1_42' title='bbox 1787 566 1891 601; x_wconf 91' lang='lat' dir='ltr'>esse</span> 
     </span>
    </p>

    <p class='ocr_par' dir='ltr' id='par_1_5' title="bbox 206 625 1895 690">
     <span class='ocr_line' id='line_1_7' title="bbox 206 625 1895 690; baseline -0.004 -10"><span class='ocrx_word' id='word_1_43' title='bbox 206 632 590 682; x_wconf 86' lang='lat' dir='ltr'>Riccardianum</span> <span class='ocrx_word' id='word_1_44' title='bbox 627 630 812 677; x_wconf 89' lang='lat' dir='ltr'>librum</span> <span class='ocrx_word' id='word_1_45' title='bbox 850 644 938 690; x_wconf 91' lang='lat' dir='ltr'>per</span> <span class='ocrx_word' id='word_1_46' title='bbox 977 642 1027 674; x_wconf 88' lang='lat' dir='ltr'>se</span> <span class='ocrx_word' id='word_1_47' title='bbox 1066 625 1391 690; x_wconf 90' lang='lat' dir='ltr'>intellegitur.</span> <span class='ocrx_word' id='word_1_48' title='bbox 1469 625 1681 674; x_wconf 81' lang='lat' dir='ltr'>correxit</span> <span class='ocrx_word' id='word_1_49' title='bbox 1722 628 1895 674; x_wconf 88' lang='lat' dir='ltr'>autem</span> 
     </span>
    </p>

    <p class='ocr_par' dir='ltr' id='par_1_6' title="bbox 205 698 1893 762">
     <span class='ocr_line' id='line_1_8' title="bbox 205 698 1893 762; baseline -0.004 -7"><span class='ocrx_word' id='word_1_50' title='bbox 205 707 486 755; x_wconf 89' lang='lat' dir='ltr'>Politianus</span> <span class='ocrx_word' id='word_1_51' title='bbox 526 703 698 752; x_wconf 86' lang='lat' dir='ltr'>eadem</span> <span class='ocrx_word' id='word_1_52' title='bbox 735 703 837 750; x_wconf 88' lang='lat' dir='ltr'>fere</span> <span class='ocrx_word' id='word_1_53' title='bbox 875 701 1069 749; x_wconf 91' lang='lat' dir='ltr'>ratione</span> <span class='ocrx_word' id='word_1_54' title='bbox 1109 716 1211 762; x_wconf 91' lang='lat' dir='ltr'>qua</span> <span class='ocrx_word' id='word_1_55' title='bbox 1252 699 1306 747; x_wconf 91' lang='lat' dir='ltr'>in</span> <span class='ocrx_word' id='word_1_56' title='bbox 1344 699 1650 748; x_wconf 89' lang='lat' dir='ltr'>emendanda</span> <span class='ocrx_word' id='word_1_57' title='bbox 1690 698 1893 748; x_wconf 84' lang='lat' dir='ltr'>Catonis</span> 
     </span>
    </p>

    <p class='ocr_par' dir='ltr' id='par_1_7' title="bbox 207 774 1894 839">
     <span class='ocr_line' id='line_1_9' title="bbox 207 774 1894 839; baseline -0.005 -11"><span class='ocrx_word' id='word_1_58' title='bbox 207 783 259 828; x_wconf 87' lang='lat' dir='ltr'>et</span> <span class='ocrx_word' id='word_1_59' title='bbox 295 779 532 828; x_wconf 84' lang='lat' dir='ltr'>Varronis</span> <span class='ocrx_word' id='word_1_60' title='bbox 578 776 800 839; x_wconf 81' lang='lat' dir='ltr'>principe</span> <span class='ocrx_word' id='word_1_61' title='bbox 848 774 1063 823; x_wconf 75' lang='lat' dir='ltr'>editione</span> <span class='ocrx_word' id='word_1_62' title='bbox 1109 791 1169 822; x_wconf 82' lang='lat' dir='ltr'>ex</span> <span class='ocrx_word' id='word_1_63' title='bbox 1214 774 1380 822; x_wconf 89' lang='lat' dir='ltr'>codice</span> <span class='ocrx_word' id='word_1_64' title='bbox 1426 774 1680 822; x_wconf 88' lang='lat' dir='ltr'>Marciano</span> <span class='ocrx_word' id='word_1_65' title='bbox 1726 776 1894 823; x_wconf 85' lang='lat' dir='ltr'>vetus-</span> 
     </span>
    </p>

    <p class='ocr_par' dir='ltr' id='par_1_8' title="bbox 206 847 1891 910">
     <span class='ocr_line' id='line_1_10' title="bbox 206 847 1891 910; baseline -0.003 -9"><span class='ocrx_word' id='word_1_66' title='bbox 206 854 398 902; x_wconf 90' lang='lat' dir='ltr'>tissimo</span> <span class='ocrx_word' id='word_1_67' title='bbox 438 867 587 900; x_wconf 92' lang='lat' dir='ltr'>usum</span> <span class='ocrx_word' id='word_1_68' title='bbox 626 866 741 899; x_wconf 87' lang='lat' dir='ltr'>eum</span> <span class='ocrx_word' id='word_1_69' title='bbox 787 864 890 897; x_wconf 91' lang='lat' dir='ltr'>esse</span> <span class='ocrx_word' id='word_1_70' title='bbox 929 848 1174 897; x_wconf 87' lang='lat' dir='ltr'>Henricus</span> <span class='ocrx_word' id='word_1_71' title='bbox 1212 847 1327 896; x_wconf 88' lang='lat' dir='ltr'>Keil</span> <span class='ocrx_word' id='word_1_72' title='bbox 1372 849 1545 896; x_wconf 89' lang='lat' dir='ltr'>narrat</span> <span class='ocrx_word' id='word_1_73' title='bbox 1583 847 1697 897; x_wconf 90' lang='lat' dir='ltr'>edit.</span> <span class='ocrx_word' id='word_1_74' title='bbox 1737 848 1891 910; x_wconf 89' lang='lat' dir='ltr'>praef.</span> 
     </span>
    </p>

    <p class='ocr_par' dir='ltr' id='par_1_9' title="bbox 206 922 1898 990">
     <span class='ocr_line' id='line_1_11' title="bbox 206 922 1898 990; baseline -0.003 -15"><span class='ocrx_word' id='word_1_75' title='bbox 206 944 251 990; x_wconf 91' lang='lat' dir='ltr'>p.</span> <span class='ocrx_word' id='word_1_76' title='bbox 296 927 380 974; x_wconf 89' lang='lat' dir='ltr'>VI.</span> <span class='ocrx_word' id='word_1_77' title='bbox 452 939 637 974; x_wconf 88' lang='lat' dir='ltr'>errores</span> <span class='ocrx_word' id='word_1_78' title='bbox 692 924 798 972; x_wconf 89' lang='lat' dir='ltr'>eius</span> <span class='ocrx_word' id='word_1_79' title='bbox 853 923 937 971; x_wconf 90' lang='lat' dir='ltr'>cui</span> <span class='ocrx_word' id='word_1_80' title='bbox 989 923 1365 971; x_wconf 88' lang='lat' dir='ltr'>describendum</span> <span class='ocrx_word' id='word_1_81' title='bbox 1417 922 1678 971; x_wconf 88' lang='lat' dir='ltr'>mandavit</span> <span class='ocrx_word' id='word_1_82' title='bbox 1732 922 1898 985; x_wconf 80' lang='lat' dir='ltr'>sprevi</span> 
     </span>
    </p>

    <p class='ocr_par' dir='ltr' id='par_1_10' title="bbox 205 991 1894 1065">
     <span class='ocr_line' id='line_1_12' title="bbox 205 991 1894 1065; baseline -0.002 -17"><span class='ocrx_word' id='word_1_83' title='bbox 205 1001 378 1063; x_wconf 88' lang='lat' dir='ltr'>paucis</span> <span class='ocrx_word' id='word_1_84' title='bbox 425 999 545 1048; x_wconf 91' lang='lat' dir='ltr'>locis</span> <span class='ocrx_word' id='word_1_85' title='bbox 593 998 810 1060; x_wconf 85' lang='lat' dir='ltr'>exceptis</span> <span class='ocrx_word' id='word_1_86' title='bbox 836 997 945 1045; x_wconf 73' lang='lat' dir='ltr'>,ubi</span> <span class='ocrx_word' id='word_1_87' title='bbox 991 997 1263 1060; x_wconf 88' lang='lat' dir='ltr'>scripturas</span> <span class='ocrx_word' id='word_1_88' title='bbox 1313 996 1503 1060; x_wconf 91' lang='lat' dir='ltr'>primae</span> <span class='ocrx_word' id='word_1_89' title='bbox 1549 1013 1727 1046; x_wconf 90' lang='lat' dir='ltr'>manus</span> <span class='ocrx_word' id='word_1_90' title='bbox 1777 991 1894 1065; x_wconf 72' lang='lat' dir='ltr'>(Rl)</span> 
     </span>
    </p>

    <p class='ocr_par' dir='ltr' id='par_1_11' title="bbox 203 1071 1895 1284">
     <span class='ocr_line' id='line_1_13' title="bbox 207 1071 1895 1136; baseline -0.002 -14"><span class='ocrx_word' id='word_1_91' title='bbox 207 1075 443 1123; x_wconf 89' lang='lat' dir='ltr'>adnotare</span> <span class='ocrx_word' id='word_1_92' title='bbox 482 1089 581 1121; x_wconf 89' lang='lat' dir='ltr'>non</span> <span class='ocrx_word' id='word_1_93' title='bbox 619 1071 798 1120; x_wconf 89' lang='lat' dir='ltr'>inutile</span> <span class='ocrx_word' id='word_1_94' title='bbox 838 1072 969 1119; x_wconf 84' lang='lat' dir='ltr'>duxi.</span> <span class='ocrx_word' id='word_1_95' title='bbox 1041 1071 1451 1136; x_wconf 85' lang='lat' dir='ltr'>orthographiam</span> <span class='ocrx_word' id='word_1_96' title='bbox 1489 1072 1552 1119; x_wconf 89' lang='lat' dir='ltr'>ad</span> <span class='ocrx_word' id='word_1_97' title='bbox 1596 1072 1688 1121; x_wconf 89' lang='lat' dir='ltr'>hoc</span> <span class='ocrx_word' id='word_1_98' title='bbox 1722 1088 1895 1125; x_wconf 78' lang='lat' dir='ltr'>,unum</span> 
     </span>
     <span class='ocr_line' id='line_1_14' title="bbox 204 1146 1894 1210; baseline -0.002 -14"><span class='ocrx_word' id='word_1_99' title='bbox 204 1148 485 1210; x_wconf 83' lang='lat' dir='ltr'>exemplum</span> <span class='ocrx_word' id='word_1_100' title='bbox 531 1147 604 1194; x_wconf 87' lang='lat' dir='ltr'>ita</span> <span class='ocrx_word' id='word_1_101' title='bbox 650 1146 952 1195; x_wconf 90' lang='lat' dir='ltr'>constituere</span> <span class='ocrx_word' id='word_1_102' title='bbox 998 1148 1059 1194; x_wconf 91' lang='lat' dir='ltr'>ut</span> <span class='ocrx_word' id='word_1_103' title='bbox 1105 1146 1199 1193; x_wconf 90' lang='lat' dir='ltr'>sibi</span> <span class='ocrx_word' id='word_1_104' title='bbox 1253 1148 1446 1195; x_wconf 89' lang='lat' dir='ltr'>constet</span> <span class='ocrx_word' id='word_1_105' title='bbox 1497 1146 1725 1194; x_wconf 92' lang='lat' dir='ltr'>omnibus</span> <span class='ocrx_word' id='word_1_106' title='bbox 1770 1146 1894 1195; x_wconf 92' lang='lat' dir='ltr'>locis</span> 
     </span>
     <span class='ocr_line' id='line_1_15' title="bbox 203 1219 1894 1284; baseline 0 -15"><span class='ocrx_word' id='word_1_107' title='bbox 203 1238 303 1270; x_wconf 92' lang='lat' dir='ltr'>non</span> <span class='ocrx_word' id='word_1_108' title='bbox 343 1237 535 1283; x_wconf 91' lang='lat' dir='ltr'>semper</span> <span class='ocrx_word' id='word_1_109' title='bbox 565 1220 711 1268; x_wconf 88' lang='lat' dir='ltr'>facile</span> <span class='ocrx_word' id='word_1_110' title='bbox 751 1220 853 1268; x_wconf 88' lang='lat' dir='ltr'>fuit</span> <span class='ocrx_word' id='word_1_111' title='bbox 890 1236 1050 1282; x_wconf 89' lang='lat' dir='ltr'>neque</span> <span class='ocrx_word' id='word_1_112' title='bbox 1091 1219 1134 1268; x_wconf 90' lang='lat' dir='ltr'>si</span> <span class='ocrx_word' id='word_1_113' title='bbox 1174 1220 1286 1282; x_wconf 90' lang='lat' dir='ltr'>quis</span> <span class='ocrx_word' id='word_1_114' title='bbox 1320 1221 1489 1282; x_wconf 90' lang='lat' dir='ltr'>plures</span> <span class='ocrx_word' id='word_1_115' title='bbox 1522 1220 1703 1269; x_wconf 85' lang='lat' dir='ltr'>codicis</span> <span class='ocrx_word' id='word_1_116' title='bbox 1743 1221 1894 1284; x_wconf 91' lang='lat' dir='ltr'>scrip-</span> 
     </span>
    </p>

    <p class='ocr_par' dir='ltr' id='par_1_12' title="bbox 203 1294 1890 1358">
     <span class='ocr_line' id='line_1_16' title="bbox 203 1294 1890 1358; baseline 0 -16"><span class='ocrx_word' id='word_1_117' title='bbox 203 1298 344 1343; x_wconf 86' lang='lat' dir='ltr'>turas</span> <span class='ocrx_word' id='word_1_118' title='bbox 390 1294 595 1342; x_wconf 89' lang='lat' dir='ltr'>retineri</span> <span class='ocrx_word' id='word_1_119' title='bbox 624 1294 786 1342; x_wconf 84' lang='lat' dir='ltr'>.malit</span> <span class='ocrx_word' id='word_1_120' title='bbox 830 1310 1068 1358; x_wconf 89' lang='lat' dir='ltr'>repugno.</span> <span class='ocrx_word' id='word_1_121' title='bbox 1145 1295 1287 1342; x_wconf 84' lang='lat' dir='ltr'>velut</span> <span class='ocrx_word' id='word_1_122' title='bbox 1337 1294 1511 1357; x_wconf 88' lang='lat' dir='ltr'>scripsi</span> <span class='ocrx_word' id='word_1_123' title='bbox 1561 1309 1754 1357; x_wconf 91' lang='lat' dir='ltr'>semper</span> <span class='ocrx_word' id='word_1_124' title='bbox 1802 1298 1890 1343; x_wconf 86' lang='lat' dir='ltr'>im-</span> 
     </span>
    </p>

    <p class='ocr_par' dir='ltr' id='par_1_13' title="bbox 193 1368 1895 1431">
     <span class='ocr_line' id='line_1_17' title="bbox 193 1368 1895 1431; baseline -0.001 -14"><span class='ocrx_word' id='word_1_125' title='bbox 193 1384 377 1431; x_wconf 84' lang='lat' dir='ltr'>ponere</span> <span class='ocrx_word' id='word_1_126' title='bbox 415 1368 611 1431; x_wconf 86' lang='lat' dir='ltr'>similia,</span> <span class='ocrx_word' id='word_1_127' title='bbox 652 1384 765 1416; x_wconf 90' lang='lat' dir='ltr'>cum</span> <span class='ocrx_word' id='word_1_128' title='bbox 797 1385 896 1417; x_wconf 93' lang='lat' dir='ltr'>non</span> <span class='ocrx_word' id='word_1_129' title='bbox 926 1385 1040 1416; x_wconf 91' lang='lat' dir='ltr'>raro</span> <span class='ocrx_word' id='word_1_130' title='bbox 1073 1370 1208 1416; x_wconf 86' lang='lat' dir='ltr'>extet</span> <span class='ocrx_word' id='word_1_131' title='bbox 1244 1371 1484 1428; x_wconf 72' lang='lat' dir='ltr'>inponere.</span> <span class='ocrx_word' id='word_1_132' title='bbox 1554 1369 1639 1416; x_wconf 92' lang='lat' dir='ltr'>sed</span> <span class='ocrx_word' id='word_1_133' title='bbox 1669 1371 1895 1431; x_wconf 86' lang='lat' dir='ltr'>praestat</span> 
     </span>
    </p>

    <p class='ocr_par' dir='ltr' id='par_1_14' title="bbox 203 1441 1892 1579">
     <span class='ocr_line' id='line_1_18' title="bbox 203 1441 1892 1506; baseline 0.001 -16"><span class='ocrx_word' id='word_1_134' title='bbox 203 1443 371 1505; x_wconf 92' lang='lat' dir='ltr'>ipsum</span> <span class='ocrx_word' id='word_1_135' title='bbox 409 1442 770 1503; x_wconf 89' lang='lat' dir='ltr'>scripturarum</span> <span class='ocrx_word' id='word_1_136' title='bbox 809 1442 1055 1504; x_wconf 86' lang='lat' dir='ltr'>specimen</span> <span class='ocrx_word' id='word_1_137' title='bbox 1102 1441 1345 1506; x_wconf 87' lang='lat' dir='ltr'>subicere,</span> <span class='ocrx_word' id='word_1_138' title='bbox 1391 1444 1453 1490; x_wconf 88' lang='lat' dir='ltr'>ut</span> <span class='ocrx_word' id='word_1_139' title='bbox 1498 1442 1662 1505; x_wconf 91' lang='lat' dir='ltr'>qualis</span> <span class='ocrx_word' id='word_1_140' title='bbox 1710 1443 1776 1490; x_wconf 90' lang='lat' dir='ltr'>sit</span> <span class='ocrx_word' id='word_1_141' title='bbox 1814 1459 1892 1492; x_wconf 89' lang='lat' dir='ltr'>co-</span> 
     </span>
     <span class='ocr_line' id='line_1_19' title="bbox 204 1515 1528 1579; baseline 0 -15"><span class='ocrx_word' id='word_1_142' title='bbox 204 1516 326 1565; x_wconf 90' lang='lat' dir='ltr'>dicis</span> <span class='ocrx_word' id='word_1_143' title='bbox 365 1515 696 1578; x_wconf 83' lang='lat' dir='ltr'>editionisque</span> <span class='ocrx_word' id='word_1_144' title='bbox 735 1516 925 1565; x_wconf 90' lang='lat' dir='ltr'>indoles</span> <span class='ocrx_word' id='word_1_145' title='bbox 964 1516 1145 1565; x_wconf 88' lang='lat' dir='ltr'>melius</span> <span class='ocrx_word' id='word_1_146' title='bbox 1183 1516 1528 1579; x_wconf 88' lang='lat' dir='ltr'>perspiciatur.</span> 
     </span>
    </p>

    <p class='ocr_par' dir='ltr' id='par_1_15' title="bbox 206 1592 1893 1727">
     <span class='ocr_line' id='line_1_20' title="bbox 206 1592 1893 1652; baseline 0.001 -13"><span class='ocrx_word' id='word_1_147' title='bbox 206 1606 238 1639; x_wconf 89' lang='lat' dir='ltr'>a</span> <span class='ocrx_word' id='word_1_148' title='bbox 270 1593 320 1638; x_wconf 89' lang='lat' dir='ltr'>et</span> <span class='ocrx_word' id='word_1_149' title='bbox 352 1605 396 1638; x_wconf 75' lang='lat' dir='ltr'>ez</span> <span class='ocrx_word' id='word_1_150' title='bbox 429 1592 790 1651; x_wconf 76' lang='lat' dir='ltr'>consparyenda</span> <span class='ocrx_word' id='word_1_151' title='bbox 815 1593 898 1638; x_wconf 92' lang='lat'>21.</span> <span class='ocrx_word' id='word_1_152' title='bbox 948 1605 1261 1651; x_wconf 76' lang='lat' dir='ltr'>consparsam</span> <span class='ocrx_word' id='word_1_153' title='bbox 1287 1592 1407 1640; x_wconf 86' lang='lat'>259.</span> <span class='ocrx_word' id='word_1_154' title='bbox 1460 1605 1746 1652; x_wconf 75' lang='lat' dir='ltr'>consparyes</span> <span class='ocrx_word' id='word_1_155' title='bbox 1770 1593 1893 1641; x_wconf 86' lang='lat'>426.</span> 
     </span>
     <span class='ocr_line' id='line_1_21' title="bbox 353 1664 1513 1727; baseline 0.001 -16"><span class='ocrx_word' id='word_1_156' title='bbox 353 1664 439 1712; x_wconf 89' lang='lat' dir='ltr'>sed</span> <span class='ocrx_word' id='word_1_157' title='bbox 477 1667 769 1725; x_wconf 74' lang='lat' dir='ltr'>consperyito</span> <span class='ocrx_word' id='word_1_158' title='bbox 812 1667 930 1713; x_wconf 87' lang='lat'>171.</span> <span class='ocrx_word' id='word_1_159' title='bbox 1007 1666 1276 1727; x_wconf 88' lang='lat' dir='ltr'>utramque</span> <span class='ocrx_word' id='word_1_160' title='bbox 1314 1664 1513 1712; x_wconf 89' lang='lat' dir='ltr'>retinui.</span> 
     </span>
    </p>

    <p class='ocr_par' dir='ltr' id='par_1_16' title="bbox 205 1733 1891 1806">
     <span class='ocr_line' id='line_1_22' title="bbox 205 1733 1891 1806; baseline 0.002 -21"><span class='ocrx_word' id='word_1_161' title='bbox 205 1753 237 1786; x_wconf 90' lang='lat' dir='ltr'>a</span> <span class='ocrx_word' id='word_1_162' title='bbox 263 1739 313 1785; x_wconf 90' lang='lat' dir='ltr'>et</span> <span class='ocrx_word' id='word_1_163' title='bbox 336 1740 374 1786; x_wconf 89' lang='lat' dir='ltr'>i:</span> <span class='ocrx_word' id='word_1_164' title='bbox 399 1739 621 1786; x_wconf 80' lang='lat' dir='ltr'>salvatici</span> <span class='ocrx_word' id='word_1_165' title='bbox 647 1740 691 1786; x_wconf 84' lang='lat'>7.</span> <span class='ocrx_word' id='word_1_166' title='bbox 716 1741 833 1788; x_wconf 90' lang='grc'><strong>101.</strong></span> <span class='ocrx_word' id='word_1_167' title='bbox 874 1740 1161 1787; x_wconf 79' lang='lat' dir='ltr'>salvaticum</span> <span class='ocrx_word' id='word_1_168' title='bbox 1179 1741 1244 1787; x_wconf 84' lang='lat'>91</span> <span class='ocrx_word' id='word_1_169' title='bbox 1275 1734 1483 1806; x_wconf 88' lang='lat' dir='ltr'>(rectius</span> <span class='ocrx_word' id='word_1_170' title='bbox 1511 1741 1592 1788; x_wconf 90' lang='lat'>10.</span> <span class='ocrx_word' id='word_1_171' title='bbox 1619 1741 1681 1788; x_wconf 88' lang='grc'>19</span> <span class='ocrx_word' id='word_1_172' title='bbox 1703 1733 1891 1805; x_wconf 79' lang='lat' dir='ltr'>cet.).¹)</span> 
     </span>
    </p>

    <p class='ocr_par' dir='ltr' id='par_1_17' title="bbox 205 1813 1143 1875">
     <span class='ocr_line' id='line_1_23' title="bbox 205 1813 1143 1875; baseline 0.001 -15"><span class='ocrx_word' id='word_1_173' title='bbox 205 1826 263 1860; x_wconf 88' lang='lat' dir='ltr'>ae</span> <span class='ocrx_word' id='word_1_174' title='bbox 300 1828 391 1874; x_wconf 90' lang='lat' dir='ltr'>pro</span> <span class='ocrx_word' id='word_1_175' title='bbox 432 1826 475 1859; x_wconf 87' lang='lat' dir='ltr'>e:</span> <span class='ocrx_word' id='word_1_176' title='bbox 516 1813 743 1860; x_wconf 77' lang='lat' dir='ltr'>assiduae</span> <span class='ocrx_word' id='word_1_177' title='bbox 786 1814 887 1861; x_wconf 85' lang='lat'>157</span> <span class='ocrx_word' id='word_1_178' title='bbox 931 1813 1143 1875; x_wconf 80' lang='lat' dir='ltr'>saepius</span> 
     </span>
    </p>

    <p class='ocr_par' dir='ltr' id='par_1_18' title="bbox 204 1879 1888 2025">
     <span class='ocr_line' id='line_1_24' title="bbox 204 1879 1888 1954; baseline 0.002 -20"><span class='ocrx_word' id='word_1_179' title='bbox 204 1901 271 1934; x_wconf 77' lang='lat' dir='ltr'>aa</span> <span class='ocrx_word' id='word_1_180' title='bbox 317 1888 367 1933; x_wconf 91' lang='lat' dir='ltr'>et</span> <span class='ocrx_word' id='word_1_181' title='bbox 414 1901 465 1932; x_wconf 88' lang='lat' dir='ltr'>a:</span> <span class='ocrx_word' id='word_1_182' title='bbox 507 1888 756 1946; x_wconf 71' lang='lat' dir='ltr'>aaoeunyia</span> <span class='ocrx_word' id='word_1_183' title='bbox 807 1889 887 1935; x_wconf 87' lang='lat'>75.</span> <span class='ocrx_word' id='word_1_184' title='bbox 960 1889 1260 1949; x_wconf 74' lang='lat' dir='ltr'>anxanyiam</span> <span class='ocrx_word' id='word_1_185' title='bbox 1301 1890 1382 1936; x_wconf 85' lang='lat'>71.</span> <span class='ocrx_word' id='word_1_186' title='bbox 1433 1889 1500 1936; x_wconf 87' lang='grc'>83</span> <span class='ocrx_word' id='word_1_187' title='bbox 1543 1879 1785 1954; x_wconf 74' lang='lat' dir='ltr'>(aanyia</span> <span class='ocrx_word' id='word_1_188' title='bbox 1822 1890 1888 1937; x_wconf 88' lang='lat'>31</span> 
     </span>
     <span class='ocr_line' id='line_1_25' title="bbox 353 1952 663 2025; baseline 0 -19"><span class='ocrx_word' id='word_1_189' title='bbox 353 1961 403 2007; x_wconf 91' lang='lat' dir='ltr'>et</span> <span class='ocrx_word' id='word_1_190' title='bbox 439 1952 663 2025; x_wconf 83' lang='lat' dir='ltr'>passim).</span> 
     </span>
    </p>

    <p class='ocr_par' dir='ltr' id='par_1_19' title="bbox 204 2047 708 2095">
     <span class='ocr_line' id='line_1_26' title="bbox 204 2047 708 2095; baseline -0.002 -14"><span class='ocrx_word' id='word_1_191' title='bbox 204 2048 228 2081; x_wconf 91' lang='lat' dir='ltr'>e</span> <span class='ocrx_word' id='word_1_192' title='bbox 264 2049 353 2095; x_wconf 88' lang='lat' dir='ltr'>pro</span> <span class='ocrx_word' id='word_1_193' title='bbox 394 2047 472 2081; x_wconf 89' lang='lat' dir='ltr'>ae:</span> <span class='ocrx_word' id='word_1_194' title='bbox 510 2048 708 2094; x_wconf 82' lang='lat' dir='ltr'>passim.</span> 
     </span>
    </p>

    <p class='ocr_par' dir='ltr' id='par_1_20' title="bbox 204 2107 1894 2391">
     <span class='ocr_line' id='line_1_27' title="bbox 204 2107 1894 2173; baseline 0.004 -19"><span class='ocrx_word' id='word_1_195' title='bbox 204 2121 227 2155; x_wconf 87' lang='lat' dir='ltr'>e</span> <span class='ocrx_word' id='word_1_196' title='bbox 259 2108 309 2155; x_wconf 91' lang='lat' dir='ltr'>et</span> <span class='ocrx_word' id='word_1_197' title='bbox 339 2109 378 2155; x_wconf 81' lang='lat' dir='ltr'>i:</span> <span class='ocrx_word' id='word_1_198' title='bbox 410 2107 504 2154; x_wconf 83' lang='lat' dir='ltr'>alei</span> <span class='ocrx_word' id='word_1_199' title='bbox 540 2110 641 2155; x_wconf 85' lang='lat'>147</span> <span class='ocrx_word' id='word_1_200' title='bbox 670 2123 801 2170; x_wconf 88' lang='lat' dir='ltr'>saep.</span> <span class='ocrx_word' id='word_1_201' title='bbox 864 2110 1060 2158; x_wconf 83' lang='lat' dir='ltr'>cemolia</span> <span class='ocrx_word' id='word_1_202' title='bbox 1097 2111 1177 2158; x_wconf 88' lang='lat'>15.</span> <span class='ocrx_word' id='word_1_203' title='bbox 1241 2111 1454 2158; x_wconf 80' lang='lat' dir='ltr'>crebraz‘o</span> <span class='ocrx_word' id='word_1_204' title='bbox 1485 2111 1571 2158; x_wconf 83' lang='lat'>44.</span> <span class='ocrx_word' id='word_1_205' title='bbox 1606 2113 1728 2160; x_wconf 85' lang='lat'>449.</span> <span class='ocrx_word' id='word_1_206' title='bbox 1779 2127 1894 2173; x_wconf 70' lang='lat' dir='ltr'>qen-</span> 
     </span>
     <span class='ocr_line' id='line_1_28' title="bbox 345 2182 1890 2244; baseline 0.005 -17"><span class='ocrx_word' id='word_1_207' title='bbox 345 2182 487 2241; x_wconf 74' lang='lat' dir='ltr'>9ivae</span> <span class='ocrx_word' id='word_1_208' title='bbox 528 2183 610 2229; x_wconf 88' lang='lat'>69.</span> <span class='ocrx_word' id='word_1_209' title='bbox 698 2183 793 2230; x_wconf 90' lang='lat' dir='ltr'>ilea</span> <span class='ocrx_word' id='word_1_210' title='bbox 833 2184 915 2231; x_wconf 85' lang='lat'>38.</span> <span class='ocrx_word' id='word_1_211' title='bbox 997 2184 1218 2243; x_wconf 75' lang='lat' dir='ltr'>pastellis</span> <span class='ocrx_word' id='word_1_212' title='bbox 1259 2185 1342 2233; x_wconf 86' lang='lat'>53.</span> <span class='ocrx_word' id='word_1_213' title='bbox 1407 2185 1639 2244; x_wconf 79' lang='lat' dir='ltr'>pastellos</span> <span class='ocrx_word' id='word_1_214' title='bbox 1679 2187 1762 2234; x_wconf 91' lang='grc'>89.</span> <span class='ocrx_word' id='word_1_215' title='bbox 1806 2188 1890 2235; x_wconf 92' lang='grc'>90.</span> 
     </span>
     <span class='ocr_line' id='line_1_29' title="bbox 350 2250 1890 2323; baseline 0.005 -22"><span class='ocrx_word' id='word_1_216' title='bbox 350 2256 520 2313; x_wconf 86' lang='lat' dir='ltr'>senapi</span> <span class='ocrx_word' id='word_1_217' title='bbox 577 2256 695 2302; x_wconf 90' lang='grc'>194.</span> <span class='ocrx_word' id='word_1_218' title='bbox 752 2258 854 2304; x_wconf 89' lang='grc'>229</span> <span class='ocrx_word' id='word_1_219' title='bbox 913 2250 1142 2323; x_wconf 86' lang='lat' dir='ltr'>(saepius</span> <span class='ocrx_word' id='word_1_220' title='bbox 1203 2250 1410 2320; x_wconf 84' lang='lat' dir='ltr'>sinapi).</span> <span class='ocrx_word' id='word_1_221' title='bbox 1503 2273 1712 2319; x_wconf 74' lang='lat' dir='ltr'>sponyea</span> <span class='ocrx_word' id='word_1_222' title='bbox 1769 2261 1890 2309; x_wconf 88' lang='lat'>193.</span> 
     </span>
     <span class='ocr_line' id='line_1_30' title="bbox 349 2329 1585 2391; baseline 0.006 -17"><span class='ocrx_word' id='word_1_223' title='bbox 349 2329 569 2387; x_wconf 74' lang='lat' dir='ltr'>sponyeis</span> <span class='ocrx_word' id='word_1_224' title='bbox 609 2331 728 2376; x_wconf 93' lang='grc'><strong>212.</strong></span> <span class='ocrx_word' id='word_1_225' title='bbox 807 2334 1119 2391; x_wconf 70' lang='lat' dir='ltr'>tympanetico</span> <span class='ocrx_word' id='word_1_226' title='bbox 1159 2333 1280 2380; x_wconf 91' lang='grc'><strong>210.</strong></span> <span class='ocrx_word' id='word_1_227' title='bbox 1325 2334 1430 2380; x_wconf 88' lang='grc'>213</span> <span class='ocrx_word' id='word_1_228' title='bbox 1471 2331 1585 2381; x_wconf 90' lang='lat' dir='ltr'>alia.</span> 
     </span>
    </p>
   </div>
   <div class='ocr_carea' id='block_1_3' title="bbox 204 2413 558 2420">
    <p class='ocr_par' dir='ltr' id='par_1_21' title="bbox 204 2413 558 2420">
     <span class='ocr_line' id='line_1_31' title="bbox 204 2413 558 2420; baseline 0 812"><span class='ocrx_word' id='word_1_229' title='bbox 204 2413 558 2420; x_wconf 95' lang='lat' dir='ltr'> </span> 
     </span>
    </p>
   </div>
   <div class='ocr_carea' id='block_1_4' title="bbox 200 2451 1890 2986">
    <p class='ocr_par' dir='ltr' id='par_1_22' title="bbox 200 2451 1890 2907">
     <span class='ocr_line' id='line_1_32' title="bbox 201 2451 1883 2516; baseline 0.005 -20"><span class='ocrx_word' id='word_1_230' title='bbox 201 2451 441 2509; x_wconf 85' lang='lat' dir='ltr'>pientum’</span> <span class='ocrx_word' id='word_1_231' title='bbox 491 2453 545 2495; x_wconf 90' lang='lat' dir='ltr'>ut</span> <span class='ocrx_word' id='word_1_232' title='bbox 586 2451 858 2498; x_wconf 86' lang='lat' dir='ltr'>inscribitur</span> <span class='ocrx_word' id='word_1_233' title='bbox 902 2454 954 2497; x_wconf 90' lang='lat' dir='ltr'>in</span> <span class='ocrx_word' id='word_1_234' title='bbox 998 2456 1098 2499; x_wconf 87' lang='lat' dir='ltr'>cod.</span> <span class='ocrx_word' id='word_1_235' title='bbox 1140 2456 1246 2500; x_wconf 87' lang='lat' dir='ltr'>Vat.</span> <span class='ocrx_word' id='word_1_236' title='bbox 1286 2456 1454 2512; x_wconf 81' lang='lat' dir='ltr'>Regin.</span> <span class='ocrx_word' id='word_1_237' title='bbox 1498 2462 1612 2502; x_wconf 88' lang='lat'>1010</span> <span class='ocrx_word' id='word_1_238' title='bbox 1651 2458 1727 2516; x_wconf 90' lang='lat' dir='ltr'>(cf.</span> <span class='ocrx_word' id='word_1_239' title='bbox 1768 2457 1883 2504; x_wconf 88' lang='lat' dir='ltr'>Mus.</span> 
     </span>
     <span class='ocr_line' id='line_1_33' title="bbox 201 2511 1886 2571; baseline 0.005 -17"><span class='ocrx_word' id='word_1_240' title='bbox 201 2511 348 2555; x_wconf 89' lang='lat' dir='ltr'>Rhen.</span> <span class='ocrx_word' id='word_1_241' title='bbox 381 2516 438 2555; x_wconf 86' lang='lat'>46</span> <span class='ocrx_word' id='word_1_242' title='bbox 469 2525 514 2568; x_wconf 91' lang='lat' dir='ltr'>p.</span> <span class='ocrx_word' id='word_1_243' title='bbox 547 2514 654 2567; x_wconf 83' lang='lat'>376)</span> <span class='ocrx_word' id='word_1_244' title='bbox 693 2513 951 2569; x_wconf 84' lang='lat' dir='ltr'>compilans</span> <span class='ocrx_word' id='word_1_245' title='bbox 982 2513 1174 2570; x_wconf 86' lang='lat' dir='ltr'>Vegetii</span> <span class='ocrx_word' id='word_1_246' title='bbox 1210 2515 1551 2571; x_wconf 84' lang='lat' dir='ltr'>praefationem</span> <span class='ocrx_word' id='word_1_247' title='bbox 1590 2517 1651 2561; x_wconf 89' lang='lat' dir='ltr'>ad</span> <span class='ocrx_word' id='word_1_248' title='bbox 1690 2517 1886 2562; x_wconf 85' lang='lat' dir='ltr'>verbum</span> 
     </span>
     <span class='ocr_line' id='line_1_34' title="bbox 201 2569 1890 2631; baseline 0.004 -18"><span class='ocrx_word' id='word_1_249' title='bbox 201 2570 299 2614; x_wconf 88' lang='lat' dir='ltr'>fere</span> <span class='ocrx_word' id='word_1_250' title='bbox 336 2569 386 2614; x_wconf 90' lang='lat' dir='ltr'>in</span> <span class='ocrx_word' id='word_1_251' title='bbox 425 2584 559 2614; x_wconf 90' lang='lat' dir='ltr'>suum</span> <span class='ocrx_word' id='word_1_252' title='bbox 597 2584 734 2614; x_wconf 91' lang='lat' dir='ltr'>usum</span> <span class='ocrx_word' id='word_1_253' title='bbox 771 2572 1077 2629; x_wconf 82' lang='lat' dir='ltr'>transcripsit.</span> <span class='ocrx_word' id='word_1_254' title='bbox 1139 2573 1350 2618; x_wconf 86' lang='lat' dir='ltr'>eiusdem</span> <span class='ocrx_word' id='word_1_255' title='bbox 1389 2574 1735 2631; x_wconf 87' lang='lat' dir='ltr'>compilationis</span> <span class='ocrx_word' id='word_1_256' title='bbox 1775 2576 1890 2621; x_wconf 89' lang='lat' dir='ltr'>libri</span> 
     </span>
     <span class='ocr_line' id='line_1_35' title="bbox 201 2628 1883 2680; baseline 0.004 -8"><span class='ocrx_word' id='word_1_257' title='bbox 201 2644 284 2675; x_wconf 77' lang='lat' dir='ltr'>me.</span> <span class='ocrx_word' id='word_1_258' title='bbox 318 2630 482 2673; x_wconf 83' lang='lat' dir='ltr'>extant</span> <span class='ocrx_word' id='word_1_259' title='bbox 512 2628 721 2674; x_wconf 82' lang='lat' dir='ltr'>Venetiis</span> <span class='ocrx_word' id='word_1_260' title='bbox 758 2630 809 2674; x_wconf 90' lang='lat' dir='ltr'>in</span> <span class='ocrx_word' id='word_1_261' title='bbox 839 2631 1128 2676; x_wconf 85' lang='lat' dir='ltr'>bibliotheca</span> <span class='ocrx_word' id='word_1_262' title='bbox 1159 2634 1202 2676; x_wconf 87' lang='lat' dir='ltr'>S.</span> <span class='ocrx_word' id='word_1_263' title='bbox 1235 2632 1380 2677; x_wconf 89' lang='lat' dir='ltr'>Marci</span> <span class='ocrx_word' id='word_1_264' title='bbox 1412 2633 1547 2678; x_wconf 84' lang='lat' dir='ltr'>class.</span> <span class='ocrx_word' id='word_1_265' title='bbox 1578 2635 1659 2679; x_wconf 89' lang='lat' dir='ltr'>VII</span> <span class='ocrx_word' id='word_1_266' title='bbox 1692 2635 1792 2680; x_wconf 90' lang='lat' dir='ltr'>cod.</span> <span class='ocrx_word' id='word_1_267' title='bbox 1827 2638 1883 2679; x_wconf 86' lang='grc'>25</span> 
     </span>
     <span class='ocr_line' id='line_1_36' title="bbox 202 2686 1885 2746; baseline 0.005 -16"><span class='ocrx_word' id='word_1_268' title='bbox 202 2686 527 2743; x_wconf 89' lang='lat' dir='ltr'>(Valentinelli</span> <span class='ocrx_word' id='word_1_269' title='bbox 570 2689 770 2746; x_wconf 82' lang='lat' dir='ltr'>catalog.</span> <span class='ocrx_word' id='word_1_270' title='bbox 815 2691 850 2734; x_wconf 91' lang='lat' dir='ltr'>V</span> <span class='ocrx_word' id='word_1_271' title='bbox 891 2706 937 2742; x_wconf 80' lang='lat' dir='ltr'>p.</span> <span class='ocrx_word' id='word_1_272' title='bbox 977 2694 1101 2746; x_wconf 87' lang='lat'>141),</span> <span class='ocrx_word' id='word_1_273' title='bbox 1151 2690 1458 2735; x_wconf 87' lang='lat' dir='ltr'>Vindobonae</span> <span class='ocrx_word' id='word_1_274' title='bbox 1497 2693 1546 2736; x_wconf 90' lang='lat' dir='ltr'>in</span> <span class='ocrx_word' id='word_1_275' title='bbox 1592 2693 1885 2739; x_wconf 87' lang='lat' dir='ltr'>bibliotheca</span> 
     </span>
     <span class='ocr_line' id='line_1_37' title="bbox 200 2745 1886 2811; baseline 0.006 -22"><span class='ocrx_word' id='word_1_276' title='bbox 200 2745 420 2790; x_wconf 83' lang='lat' dir='ltr'>Palatina</span> <span class='ocrx_word' id='word_1_277' title='bbox 465 2746 565 2790; x_wconf 91' lang='lat' dir='ltr'>cod.</span> <span class='ocrx_word' id='word_1_278' title='bbox 606 2752 723 2792; x_wconf 80' lang='lat'>2414</span> <span class='ocrx_word' id='word_1_279' title='bbox 770 2749 846 2805; x_wconf 86' lang='lat' dir='ltr'>(cf.</span> <span class='ocrx_word' id='word_1_280' title='bbox 886 2749 1162 2794; x_wconf 80' lang='lat' dir='ltr'>Eichenfeld</span> <span class='ocrx_word' id='word_1_281' title='bbox 1201 2751 1232 2794; x_wconf 89' lang='lat' dir='ltr'>l.</span> <span class='ocrx_word' id='word_1_282' title='bbox 1269 2764 1307 2794; x_wconf 89' lang='lat' dir='ltr'>c.</span> <span class='ocrx_word' id='word_1_283' title='bbox 1346 2750 1678 2807; x_wconf 88' lang='lat' dir='ltr'>Anzeigeblatt</span> <span class='ocrx_word' id='word_1_284' title='bbox 1714 2768 1762 2810; x_wconf 90' lang='lat' dir='ltr'>p.</span> <span class='ocrx_word' id='word_1_285' title='bbox 1796 2754 1886 2811; x_wconf 81' lang='lat'>52).</span> 
     </span>
     <span class='ocr_line' id='line_1_38' title="bbox 201 2804 1884 2907; baseline 0.005 -59"><span class='ocrx_word' id='word_1_286' title='bbox 201 2804 276 2907; x_wconf 69' lang='lat' dir='ltr'>IdIe3</span> <span class='ocrx_word' id='word_1_287' title='bbox 285 2808 472 2850; x_wconf 87' lang='lat' dir='ltr'>auctore</span> <span class='ocrx_word' id='word_1_288' title='bbox 495 2806 678 2852; x_wconf 84' lang='lat' dir='ltr'>medico</span> <span class='ocrx_word' id='word_1_289' title='bbox 699 2807 903 2853; x_wconf 88' lang='lat' dir='ltr'>breviter</span> <span class='ocrx_word' id='word_1_290' title='bbox 926 2809 1024 2866; x_wconf 87' lang='lat' dir='ltr'>egit</span> <span class='ocrx_word' id='word_1_291' title='bbox 1048 2808 1232 2854; x_wconf 85' lang='lat' dir='ltr'>Curtius</span> <span class='ocrx_word' id='word_1_292' title='bbox 1260 2809 1499 2867; x_wconf 88' lang='lat' dir='ltr'>Sprengel,</span> <span class='ocrx_word' id='word_1_293' title='bbox 1524 2811 1697 2856; x_wconf 88' lang='lat' dir='ltr'>Histor.</span> <span class='ocrx_word' id='word_1_294' title='bbox 1715 2812 1884 2858; x_wconf 88' lang='lat' dir='ltr'>medic.</span> 
     </span>
    </p>

    <p class='ocr_par' dir='ltr' id='par_1_23' title="bbox 305 2870 547 2922">
     <span class='ocr_line' id='line_1_39' title="bbox 305 2870 547 2922; baseline 0.004 -15"><span class='ocrx_word' id='word_1_295' title='bbox 305 2879 349 2920; x_wconf 90' lang='lat' dir='ltr'>p.</span> <span class='ocrx_word' id='word_1_296' title='bbox 377 2870 462 2910; x_wconf 86' lang='lat'>596</span> <span class='ocrx_word' id='word_1_297' title='bbox 481 2879 547 2922; x_wconf 90' lang='lat' dir='ltr'>sq.</span> 
     </span>
    </p>

    <p class='ocr_par' dir='ltr' id='par_1_24' title="bbox 325 2924 998 2986">
     <span class='ocr_line' id='line_1_40' title="bbox 325 2924 998 2986; baseline 0.009 -19"><span class='ocrx_word' id='word_1_298' title='bbox 325 2926 367 2982; x_wconf 92' lang='lat'>1)</span> <span class='ocrx_word' id='word_1_299' title='bbox 401 2925 468 2969; x_wconf 82' lang='lat' dir='ltr'>Cf.</span> <span class='ocrx_word' id='word_1_300' title='bbox 500 2924 724 2970; x_wconf 86' lang='lat' dir='ltr'>Italorum</span> <span class='ocrx_word' id='word_1_301' title='bbox 754 2927 998 2986; x_wconf 71' lang='lat' dir='ltr'>salvayyio.</span> 
     </span>
    </p>
   </div>
  </div>
 </body>
</html>
