2060 3232
782 107 1140 158 -17-

114 248 366 295 anorectus
404 237 515 311 (34.
559 233 711 308 140),
751 244 984 302 apopiras
1023 263 1092 281 =
1133 239 1230 290 ἀπὸ
1261 237 1485 309 πείραςῑ)
1527 237 1635 311 (18.
1681 247 1801 294 102.

114 322 218 370 167
268 310 409 384 cet),
446 315 722 377 philocalus
775 308 847 382 (2.
900 317 1018 364 183.
1071 308 1223 382 188),
1279 317 1447 377 chylon
1493 310 1604 383 (85.
1655 311 1803 384 188),

111 407 331 455 spasmos
362 384 548 457 (accus.
578 382 694 456 60),
733 389 1020 449 spathomele
1053 383 1231 456 (448),
1272 404 1327 438 cx
1349 391 1612 450 polyphilz's
1644 385 1804 459 (414)

114 466 238 527 alia3
276 465 415 528 ipsae
456 463 676 512 Graecae
715 462 917 511 litterae
948 465 1297 512 remanserunt
1330 459 1499 527 ὁλκήν,
1539 460 1666 514 ὀποῦ
1699 468 1805 514 Κυ-

114 545 357 605 ρηναϊκοῦ
385 533 491 603 (vel
515 529 832 603 Κυρηναίου)
857 535 1053 601 κυάμου
1077 535 1311 603 μέγεθος,
1334 538 1608 602 λιβανωτοῦ
1635 534 1806 605 (268),

118 611 201 661 διὰ
239 611 466 677 βδελλίου
504 613 752 671 malayma
792 606 964 676 (269),
1004 616 1188 660 acetum
1226 627 1337 660 acre
1365 610 1450 661 καὶ
1486 609 1653 677 γλοιὸν
1691 630 1806 662 παι-

119 685 260 736 δικόν
293 684 449 748 (348,
482 686 543 733 cf.
575 678 734 751 347),
772 683 982 750 πράσιον
1015 687 1140 745 quod
1175 685 1353 734 Graeci
1391 688 1638 746 appellant
1669 680 1806 754 (93).

116 760 415 808 Latinorum
454 759 757 822 scriptorum
804 759 949 808 affert
995 758 1285 808 Cornelium
1325 759 1526 808 Celsum
1568 755 1680 817 (22.
1722 763 1807 810 31.

116 835 236 883 185.
278 828 409 900 287)
451 836 502 881 et
542 831 894 892 Columellam,
944 849 1094 896 quem
1141 834 1205 881 ad
1243 834 1454 883 verbum
1501 835 1631 882 solet
1667 836 1805 882 tran-

112 907 328 956 scribere
381 923 544 970 neque
598 909 769 954 tamen
825 907 1055 955 omnibus
1105 902 1241 956 ‘locis
1304 902 1549 966 laudat2).
1633 908 1807 956 Latini

115 982 383 1045 scriptores
414 981 629 1044 putandi
662 983 781 1029 sunt
812 981 967 1028 etiam
997 981 1178 1029 Florus
1189 975 1256 1047 3),
1287 982 1544 1030 Emeritus
1555 974 1615 1047 4),
1649 981 1805 1045 Opta-

111 1059 196 1104 tus
250 1057 472 1104 ceterum
527 1055 703 1118 ignoti.
775 1054 1068 1103 Gallicanus
1116 1049 1221 1121 (5),
1272 1055 1497 1104 Litorius
1548 1056 1805 1105 Beneven-

113 1133 263 1178 tanus
314 1123 423 1196 (6),
486 1129 738 1177 Turanius
795 1123 978 1194 (414),
1042 1144 1167 1192 quos
1229 1129 1410 1178 laudat
1469 1130 1807 1178 remediorum

113 1206 344 1252 auctores
399 1204 459 1250 de
507 1205 616 1251 arte
662 1203 968 1253 veterinaria
1021 1203 1298 1266 peculiaria
1345 1203 1531 1266 scripta
1576 1203 1660 1253 vix
1707 1204 1807 1252 edi-

114 1277 317 1340 derunt3
363 1279 466 1325 tres
515 1292 684 1325 omnes
729 1277 828 1326 viri
874 1277 1160 1338 clarissimi,
1207 1277 1306 1324 nisi
1350 1278 1539 1325 fallunt
1585 1278 1805 1341 vestigia

113 1351 324 1414 tradita,
364 1351 601 1414 aequales
633 1351 736 1398 fere
769 1350 1032 1413 Pelagonii
1062 1351 1321 1414 videntur,
1362 1354 1494 1399 certe
1527 1351 1807 1400 Turanium

20 1421 23 1425 ’
114 1440 170 1473 ex
198 1426 464 1485 polyphilis
502 1424 576 1473 ait
614 1440 730 1473 esse.
801 1423 1049 1472 Gallicani
1086 1425 1185 1474 viri
1223 1424 1490 1472 clarissimi
1526 1425 1698 1486 plures
1731 1425 1806 1473 in-

113 1500 401 1547 notuerunt.
465 1515 525 1547 ex
557 1498 737 1561 quibus
771 1498 835 1545 ad
863 1498 1126 1561 Pelagonii
1159 1500 1379 1546 aetatem
1410 1498 1633 1560 proxime
1667 1514 1806 1546 acce-

114 1572 242 1620 dunt
287 1573 460 1620 consul
506 1588 549 1620 a.
585 1575 688 1620 317
738 1574 790 1620 et
836 1573 1011 1620 consul
1059 1587 1101 1619 a.
1145 1574 1266 1621 330.
1344 1572 1473 1620 addo
1511 1572 1808 1620 Volcacium

116 1646 435 1695 Gallicanum
474 1646 563 1708 qui
600 1646 760 1695 vitam
796 1644 950 1694 Avidi
990 1644 1129 1694 Cassi
1177 1645 1378 1708 scripsit
1419 1661 1669 1708 quemque
1708 1646 1806 1696 viri

116 1719 250 1768 docti
282 1720 495 1767 eundem
523 1721 835 1782 putaverunt
865 1722 1018 1782 atque
1051 1708 1308 1768 consulem
1340 1736 1381 1767 a.
1410 1721 1538 1782 317,
1578 1720 1631 1767 in
1663 1720 1807 1768 libris

114 1809 269 1842 manu
307 1793 504 1855 scriptis
544 1793 789 1856 appellari
827 1793 994 1842 virum
1033 1794 1381 1842 clarissimum.
1459 1794 1587 1841 nihil
1634 1796 1806 1842 autem

114 1867 270 1916 refert
309 1882 722 1916 commemorasse
773 1867 898 1915 alios
940 1863 1024 1924 (cf.
1067 1866 1202 1916 CIL.
1241 1867 1293 1915 H
1326 1869 1484 1916 4115.
1535 1867 1609 1915 Ἦ
1651 1870 1806 1917 1155.

115 1941 161 1989 X
195 1943 350 1989 1111.
395 1944 552 1990 1249.
593 1943 752 1990 4785.
801 1940 872 1988 XI
904 1935 1050 2007 830).
1128 1941 1311 1990 Litorii
1342 1934 1424 2008 (6)
1465 1957 1646 1990 nomen
1686 1941 1809 1990 satis

115 2031 286 2063 rarum
299 2017 387 2063 est.
422 2015 741 2063 notissimum
757 2015 938 2063 aetatis
957 2015 1331 2063 Theodosianae
1350 2015 1582 2064 comitem
1593 2015 1812 2078 Prosper

116 2091 363 2138 memorat
386 2089 450 2137 ad
482 2105 524 2137 a.
551 2091 681 2152 439,
712 2089 866 2137 tacite
890 2090 1189 2152 perstringit
1214 2089 1482 2138 Salvianus
1508 2089 1568 2136 de
1601 2089 1806 2152 gubern.

118 2162 199 2210 dei
235 2162 335 2210 VH
378 2165 466 2227 10,
506 2164 591 2212 40.
668 2162 938 2211 Fonteium
982 2163 1232 2212 Litorium
1281 2162 1594 2211 Auxentium
1643 2163 1811 2212 virum

120 2236 453 2285 clarissimum
482 2237 840 2285 Valentiniano
879 2239 1121 2300 regnante
1152 2237 1463 2299 praefectum
1502 2236 1617 2284 urbi
1655 2237 1809 2285 habes

241 2379 285 2434 1)
319 2377 376 2422 cf.
419 2376 698 2432 Buecheler,
738 2376 856 2420 Mus.
896 2376 1047 2422 Rhen.
1078 2380 1135 2420 45
1174 2381 1352 2433 p.—332.
1412 2378 1466 2420 de
1505 2378 1812 2433 expet·imento

123 2438 196 2482 est
228 2442 325 2481 126.
360 2442 468 2493 398,
500 2439 555 2480 ut
586 2437 700 2492 Veg.
732 2435 796 2479 IV
828 2439 871 2490 4,
897 2441 923 2479 3
956 2438 1008 2480 de
1038 2437 1343 2493 experimento
1374 2436 1602 2480 medicina
1632 2441 1710 2481 est.

240 2497 286 2553 2)
318 2496 440 2540 Vide
473 2496 720 2540 comment.
753 2496 815 2539 ad.
851 2500 965 2539 1-—4
996 2498 1083 2541 cet.

241 2556 286 2612 3)
319 2559 416 2599 185.
451 2561 552 2599 308.
586 2559 685 2599 364.
720 2559 820 2599 494.
870 2555 1068 2598 eundem
1090 2554 1341 2598 voluerunt
1365 2568 1464 2598 esse
1489 2552 1811 2598 Florentinum

123 2627 273 2657 rerum
313 2615 593 2658 rusticarum
632 2613 929 2670 scriptorem,
971 2613 1045 2657 cui
1085 2612 1293 2669 opinioni
1332 2613 1431 2657 iure
1473 2613 1646 2656 diffidit
1688 2612 1812 2658 Oder

123 2671 240 2717 Mus.
278 2673 425 2719 Rhen.
459 2676 516 2717 45
555 2689 600 2729 p.
627 2678 698 2718 87.
759 2673 948 2717 Florum
994 2675 1222 2729 Apsyrtus
1266 2671 1454 2717 videtur
1495 2672 1705 2727 novisse,
1752 2670 1809 2716 cf.

124 2734 372 2778 comment.
406 2733 467 2776 ad
499 2737 598 2777 308.
1132 2744 1135 2747 ·

241 2792 287 2848 4)
319 2796 389 2836 85.
422 2797 522 2836 272.
557 2796 657 2836 274.
691 2795 791 2834 290.
841 2790 1182 2835 mulomedicus
1214 2790 1483 2847 appellatur
1516 2793 1584 2834 72.
1611 2794 1682 2834 99.
1711 2793 1810 2834 110.

126 2851 237 2951 1153(i
258 2864 351 2952 πὲρη
382 2850 591 2896 diversus
623 2850 809 2896 videtur
847 2849 1091 2895 Hemerius
1133 2850 1308 2895 codicis
1340 2849 1631 2895 Monacensis
1671 2862 1812 2905 supra

147 2920 206 2950 au
241 2921 269 2951 a
292 2923 320 2953 1.

219 2988 301 3021 Ima
315 3013 325 3031 ,
343 2991 586 3031 Pelagoniae.
1428 2986 1455 3025 2
