2060 3232
12 280 14 288 Α
38 307 40 310 .
131 245 369 293 absinthii
385 245 497 293 Afri
519 245 692 295 viridis
718 272 786 278 -
803 244 889 309 VI,
915 244 1065 294 calcis
1088 243 1232 294 vivae
1250 270 1319 276 —
1337 243 1428 307 HI,
1458 244 1613 293 feclae
1639 270 1707 278 —
1725 246 1812 310 VI,

129 319 258 367 turis
289 318 501 367 masculi
526 344 594 352 —-
626 318 717 383 III,
748 318 940 366 resinae
974 317 1219 366 aeronalis
1255 342 1318 350 —
1354 317 1440 381 VI,
1473 319 1701 367 stercoris
1734 336 1812 368 00-

129 392 341 441 lumbini
366 419 436 426 —
467 391 555 456 VI,
588 392 693 441 ervi
722 391 926 454 pollinis
959 417 1028 426 —
1054 391 1143 439 ΠΙ.
1181 390 1349 439 omnia
1379 390 1625 453 permixta
1654 392 1813 455 impo-

0 525 1 530 ,
126 466 203 530 nis
243 468 294 514 et
332 465 520 513 duritia
559 465 772 514 solvitur
810 467 862 514 et
899 467 1063 514 cetera
1101 466 1355 512 sanantur.

0 530 13 538 ”
81 551 102 584 5
235 538 316 587 Ad
355 539 606 588 durandas
650 540 883 603 ungulas.
953 538 1162 587 hederae
1211 538 1410 586 seminis
1456 539 1624 601 partes
1671 537 1809 603 duas,
1828 537 1922 584 253

0 598 34 662 Ἰ
126 612 361 661 aluminis
399 613 610 661 rutundi
647 615 843 675 partem
879 628 1035 661 unam
1074 611 1337 661 contundis
1377 614 1428 661 et
1464 611 1670 676 ungulis
1702 613 1810 660 alli-

124 686 266 750 gabis
304 703 393 749 per
431 687 534 735 dies
573 688 773 736 multos,

8 812 10 830 i
234 760 391 808 Pedes
431 760 672 809 subtritos
710 759 870 809 foveri
884 775 1035 822 aqua
1066 759 1229 808 calida
1261 761 1460 822 oportet
1491 759 1808 824 axungiaque
1827 757 1923 804 254

8 834 34 897 ;ἶ
122 833 260 898 ungi,
300 833 476 882 dehinc
514 835 698 881 testam
743 823 1036 882 candentem
1080 833 1286 897 ungulis
1334 833 1607 897 admoveri,
1655 834 1810 882 donec

6 928 33 966 3
59 918 102 950 10
126 907 447 969 impatienter
491 907 641 970 ferat3
690 907 788 955 alio
835 909 951 969 post
1003 909 1073 955 01
1103 907 1342 969 sulphure
1392 906 1542 954 simul
1592 907 1807 956 contrito

122 981 310 1029 lamina
342 981 582 1029 candente
620 981 779 1029 inuris
817 980 893 1029 bis
932 981 986 1028 in
1025 980 1103 1029 die
1142 997 1233 1042 per
1269 980 1507 1028 triduum.
1564 980 1616 1029 id
1655 981 1808 1029 etiam

6 1048 35 1091 ²3⁵
119 1055 283 1102 bubus
322 1054 429 1103 fieri
468 1054 710 1108 convenit.

4 1135 37 1189 ἐξ
230 1128 514 1191 Poplitibus
555 1130 725 1177 autem
761 1111 1073 1191 medendum,
1115 1127 1297 1190 quibus
1335 1130 1412 1176 est
1441 1143 1610 1176 umor:
1650 1144 1804 1193 cerae,
1823 1124 1918 1171 255

4 1175 31 1287 ἶ
117 1202 392 1267 bituminis,
432 1202 687 1264 sulphuris
726 1201 843 1265 vivi,
885 1202 1057 1264 aequis
1082 1201 1383 1264 ponderibus
1418 1202 1533 1265 igne
1564 1202 1807 1250 remittito

6 1340 10 1352 ,
23 1286 96 1318 15
121 1276 381 1338 calidoque
420 1276 636 1338 poplites
675 1241 942 1339 perun⁷gito
993 1276 1073 1323 vel
1118 1275 1338 1324 furfures
1385 1291 1499 1324 cum
1538 1278 1677 1324 aceto
1717 1275 1807 1323 im-

4 1347 61 1413 ᾗὲὴ
116 1349 303 1411 ponito.

3 1410 32 1489 {J
226 1423 356 1471 Item
409 1423 452 1470 si
498 1438 657 1485 equus
707 1438 941 1472 coronam
993 1422 1196 1471 torserit
1252 1424 1342 1470 aut
1395 1422 1658 1470 extorserit
1710 1424 1801 1470 aut
1817 1418 1912 1464 256

14 1502 36 1563 ζ
115 1497 372 1561 laxaverit,
411 1497 504 1546 hoc
543 1499 618 1545 est
657 1497 792 1558 quod
830 1496 1015 1544 dicitur
1054 1498 1309 1560 stremma,
1351 1511 1504 1558 quam
1543 1496 1612 1544 sic
1650 1495 1796 1544 intel-

15 1566 34 1625 ξῗ
114 1570 341 1634 legimus.
413 1570 785 1633 comprehendis
832 1570 1027 1618 duabus
1073 1569 1304 1618 manibus
1350 1570 1596 1633 ungulam
1641 1571 1692 1617 et
1729 1570 1804 1617 in-

3 1634 30 1716 1]
46 1654 91 1687 20
114 1646 332 1693 trorsum
355 1646 582 1706 torques:
615 1644 657 1691 si
695 1644 1012 1692 vehementer
1039 1643 1187 1707 dolet,
1229 1645 1420 1692 certum
1451 1645 1527 1691 est
1557 1643 1804 1692 intortum

3 1773 4 1778 ¹
111 1733 334 1782 unguem
346 1733 464 1767 esse.
478 1717 530 1766 id
542 1717 660 1780 equi
672 1718 869 1766 curules
885 1718 1170 1780 frequenter
1182 1717 1234 1765 in
1245 1716 1512 1766 certamine
1524 1717 1806 1782 patiuntur,

114 1792 256 1841 0111115
301 1792 434 1840 1111110
490 1791 713 1840 ordinem
766 1807 914 1840 curae
962 1791 1242 1854 accepimus
1290 1807 1320 1839 a
1368 1791 1663 1855 maioribus,
1715 1791 1805 1854 qui

12 1883 25 1928 *4
111 1868 188 1914 est
224 1865 356 1913 talis.
420 1865 625 1930 sanguis
665 1881 695 1913 a
734 1881 916 1914 corona
953 1865 1229 1914 mittendus
1269 1867 1345 1913 est
1384 1867 1435 1913 et
1472 1865 1583 1927 ipsa
1622 1880 1803 1913 corona

8 1930 26 1996 ῗῑ
111 1938 393 1988 scarifanda
432 1942 483 1988 et
520 1939 839 1988 confricanda
877 1941 1017 1988 aceto
1058 1941 1108 1988 et
1148 1940 1274 2002 sale,
1314 1941 1435 1987 tunc
1473 1939 1592 1986 lana
1624 1938 1803 1987 sucida

43 2020 87 2056 25
111 2029 226 2062 cum
258 2013 365 2062 oleo
399 2015 450 2061 et
479 2012 596 2063 vino
629 2013 842 2061 articulo
868 2015 918 2061 et
939 2012 1102 2077 ungui
1133 2013 1412 2075 imponitur
1443 2014 1493 2060 et
1516 2012 1804 2074 frequenter

9 2085 19 2126 ἶ-
112 2102 246 2149 aqua
285 2086 448 2135 calida
486 2087 673 2151 unguis
712 2087 913 2135 fovetur
944 2086 1222 2149 similisque
1254 2086 1500 2134 medicina
1538 2086 1688 2134 tertio
1722 2085 1800 2133 die

112 2160 389 2225 adhibetur,
431 2160 516 2208 sed
555 2160 734 2209 cotidie
773 2160 966 2224 ligatur
1004 2162 1055 2209 et
1093 2159 1347 2208 suffundes
1394 2175 1483 2221 per
1529 2159 1632 2207 dies
1678 2159 1800 2207 duo-

111 2234 281 2283 decim.
348 2249 465 2282 sane
507 2234 549 2281 si
587 2233 714 2281 nihil
751 2234 1019 2295 profecerit
1058 2249 1193 2297 cura,
1233 2235 1355 2282 tunc
1386 2233 1681 2281 necessitate
1721 2248 1799 2281 co-

9 2315 13 2318 '
110 2310 257 2372 gente
291 2308 463 2356 subter
492 2308 713 2356 molliter
741 2307 939 2355 raditur
969 2308 1203 2369 scalpello
1236 2306 1459 2355 famicali
1489 2308 1540 2355 et
1575 2303 1646 2368 [a]
1676 2322 1798 2368 qua-

9 2382 25 2433 J'
43 2390 87 2423 30
110 2381 318 2430 ternarii
355 2381 650 2445 magnitudo
690 2381 903 2445 tollitur,
944 2383 1035 2429 aut
1073 2381 1115 2429 si
1152 2382 1267 2443 plus
1306 2381 1502 2444 pendet,
1541 2395 1702 2442 usque
1735 2380 1799 2428 ad

109 2455 283 2504 vivum
320 2455 514 2519 ungula
546 2454 784 2519 aperitur,
826 2455 895 2503 sic
926 2457 1095 2503 tamen
1127 2471 1188 2503 ne
1222 2469 1275 2503 05
1307 2456 1501 2519 tangas.
1554 2454 1596 2501 si
1628 2455 1798 2502 autem

232 2615 254 2653 1
289 2609 476 2666 asynthi
503 2612 510 2665 Ι
538 2606 739 2666 σφέκλης
762 2616 816 2666 ’γὸ
847 2609 897 2666 γ’
933 2610 995 2653 Μ
1014 2611 1031 2667 ΙΙ
1053 2609 1315 2668 2010115115
1338 2634 1396 2643 —
1421 2608 1547 2653 VIR
1591 2624 1640 2653 τε
1643 2609 1797 2666 ρ-εβιν

109 2670 252 2724 θίνης
281 2675 335 2725 γὸ·
369 2667 416 2716 ς’
453 2669 514 2712 Μ
534 2669 549 2725 ΙΙ
574 2674 600 2713 3
624 2667 759 2713 herbi
780 2668 1005 2725 pollinem
1029 2671 1044 2726 ΙΙ
1075 2674 1100 2714 5
1117 2669 1287 2714 hedere
1311 2670 1327 2724 ss
1353 2673 1407 2712 10
1438 2667 1550 2712 allio
1574 2668 1589 2723 ΙΙ
1615 2672 1666 2710 11
1687 2679 1797 2711 can-

111 2728 217 2771 dete
241 2729 256 2784 ΙΙ
282 2731 337 2771 14
366 2727 475 2784 igne
499 2726 730 2773 remittito
754 2727 770 2784 ΙΙ
795 2731 849 2771 15
867 2727 1082 2784 inponito
1105 2729 1121 2784 ΙΙ
1146 2731 1201 2772 18
1225 2725 1476 2784 laxaverit]
1500 2727 1643 2780 fuerit
1665 2725 1794 2769 luxa-

111 2785 234 2831 verit
259 2785 266 2845 Ι
295 2788 518 2831 stremma
541 2774 722 2832 Sarc'l'm
756 2788 930 2831 sterma
960 2786 1006 2830 R
1033 2788 1040 2843 Ι
1067 2786 1376 2860 intelligimus
1408 2786 1423 2841 ΙΙ
1447 2788 1506 2828 20
1536 2785 1758 2851 torquens
1781 2784 1797 2842 Η

112 2850 165 2889 21
186 2857 301 2891 0550.
319 2844 655 2891 idBuecheler:
678 2846 759 2890 sed
777 2845 822 2890 R
854 2846 1005 2903 (τοῦτο
1037 2842 1090 2889 δὲ
1122 2848 1215 2890 κτλ.
1233 2845 1286 2888 Η
1307 2846 1323 2900 ΙΙ
1347 2848 1401 2888 22
1420 2842 1672 2900 accipimus
1698 2843 1714 2899 ΙΙ
1738 2848 1795 2886 24

113 2903 384 2949 scarieanda
406 2904 422 2960 ΙΙ
446 2908 502 2949 28
511 2905 746 2961 proficerit
769 2907 784 2963 ΙΙ
807 2909 864 2949 29
885 2904 1445 2961 quaternariiBuecheler:
1463 2916 1586 2959 aqua
1600 2901 1795 2948 ternarii

1377 2975 1438 3019 6*

11 3222 32 3232 ς
8 3084 35 3089 '.
4 2738 37 3067 saltuosum
5 2818 10 2831 ··
2 2771 37 2797 ζ’·
6 2436 32 2743 exarantem-*-
