2060 3232
871 101 1270 154 -233—

230 227 462 272 semodius
494 234 565 274 24.

231 286 471 331 semuncia
501 293 572 334 32.
598 292 668 333 97.

291 347 344 391 in
374 347 468 392 cod.
502 347 548 390 R
587 347 849 404 compendio
885 349 1027 393 scribi

346 405 457 450 solet
495 419 607 451 sem.
645 408 714 451 vel
752 407 867 450 seffi?
905 408 1026 453 velut

348 468 419 508 23.
451 468 522 509 81.
555 469 626 510 87.
659 469 744 510 351
776 480 897 523 saep.

287 524 417 567 semel
449 539 484 568 s.
517 529 618 569 423.

288 582 340 626 in
370 584 465 627 cod.
490 583 536 627 B
566 586 879 641 compendium
911 587 939 629 ξ
964 591 1027 630 est

228 701 466 746 sescuncia
496 706 566 748 21.

230 761 414 804 sextans
447 765 547 806 265.
580 766 680 806 409.

230 818 455 863 sextarius
473 823 733 877 compendio
756 823 897 867 scribi
920 824 1028 868 solet

289 880 403 921 sext.
434 881 502 923 vel
533 877 645 924 sext.
673 883 861 937 passim.

221 994 234 1008 ·
289 941 347 982 ἐξ.
371 936 393 979 Ι
416 953 437 981 s
461 959 518 975 =
541 941 779 997 swa-tario)
804 942 839 984 Ι
859 942 1024 999 s(emis)

257 1098 259 1100 .
287 1072 321 1101 s.
355 1056 491 1113 scrpl.
518 1056 626 1100 VIII
663 1063 765 1103 423.

287 1116 346 1161 ad
379 1121 492 1160 sext.
526 1117 772 1173 exprimito
808 1122 905 1163 154.

287 1174 349 1219 ad
397 1176 651 1220 sextarium
695 1190 790 1221 non
836 1176 1024 1234 plenum

286 1308 443 1352 yraece
474 1295 605 1352 λίτρα
635 1300 700 1339 est
730 1299 800 1342 35.
833 1300 903 1341 38.

289 1354 517 1398 sextarius
553 1353 776 1411 dragmae
810 1369 850 1399 v.
887 1356 1026 1411 drag-

349 1427 441 1457 ma.

228 1471 367 1515 uncia
398 1472 602 1530 passim,·
639 1486 750 1518 raro
785 1474 1026 1529 perscribi-

287 1536 386 1584 tur,
438 1532 580 1575 solent
625 1533 891 1588 compendia
938 1546 1028 1577 esse

286 1605 415 1644 unc.‚
455 1594 582 1645 une,
622 1616 702 1646 —‚
742 1607 822 1648 -·-,
860 1600 920 1640 ÷
958 1593 1028 1649 (in

290 1650 391 1694 cod.
418 1650 464 1694 B
494 1654 583 1703 fv).

228 1883 573 1941 aliquantulum
604 1891 676 1932 48.
707 1892 777 1931 49.
815 1891 913 1932 119.

228 1943 408 2002 aliquid
438 1946 590 1990 mellis
623 1951 690 1991 13.

230 2004 457 2049 caccabus
490 2005 572 2049 sed
604 2006 772 2061 plenus
804 2010 876 2050 41.

230 2062 352 2108 calix
381 2064 546 2120 plenus
579 2069 649 2109 13.

229 2123 462 2177 cocleare,
509 2124 740 2168 coclearia
786 2129 826 2169 5.
875 2128 916 2169 8.
956 2127 1028 2168 23.

290 2185 389 2226 109.
425 2186 507 2226 111
539 2196 660 2239 saep.
974 2182 980 2186 '

291 2241 501 2286 cocleare
540 2241 720 2298 grande
757 2240 947 2298 plenum
987 2246 1027 2287 5.

290 2359 571 2404 coclearium
601 2358 793 2416 plenum
825 2365 895 2405 38.

231 2416 409 2474 digitus

291 2490 510 2522 mensura
533 2477 697 2535 digitis
722 2478 901 2523 duobus
926 2482 1027 2521 211.

290 2537 351 2582 ad
381 2536 681 2581 altitudinem
713 2536 853 2594 digiti
883 2541 985 2582 214.

289 2609 374 2653 per
404 2595 747 2653 longitudinem
774 2596 1030 2654 digitorum

353 2658 576 2711 quattuor
607 2659 707 2700 214.

292 2715 418 2769 quod
469 2714 620 2758 tribus
666 2713 829 2771 digitis
877 2717 1029 2760 sustu-

350 2771 460 2818 leris
491 2777 592 2818 205.

294 2832 522 2889 quantum
552 2831 693 2890 digiti
729 2833 922 2878 minoris
955 2847 1028 2877 ex-

350 2890 565 2935 tremitas
599 2895 671 2936 est
702 2896 800 2937 144.

1113 231 1333 333 {xliguum
1362 231 1482 289 picis
1514 234 1720 290 liquidae
1752 242 1853 281 279.

1135 304 1161 333 a
1197 303 1224 332 a
1412 320 1426 325 2

1172 348 1356 392 tantum
1387 351 1614 404 quantum
1648 351 1786 397 fabae
1810 368 1905 398 ma-

1234 407 1430 463 gnitudo
1463 411 1536 452 est
1567 414 1637 455 91.

1175 466 1513 523 magnitudinis
1541 467 1684 513 fabae
1716 475 1815 515 214.

1175 524 1312 569 fabae
1345 526 1711 581 magnitudinem
1745 533 1846 573 303.

1178 583 1378 641 (κυάμου
1410 583 1611 642 μέγεθος
1642 590 1760 643 268).

1117 643 1406 700 magnitudo,
1429 648 1488 700 cf.
1513 647 1636 701 faba,
1669 661 1774 702 nux,
1801 661 1913 703 qua-

1176 703 1420 747 ternarius.

1117 775 1282 806 manus
1313 761 1454 819 plena
1487 769 1588 807 231.

1119 834 1333 865 mensura

1176 894 1392 925 mensura
1422 880 1501 925 ovi
1533 887 1573 925 9.

1178 954 1238 983 m.
1270 938 1411 984 trium
1444 954 1636 985 ovorum
1669 946 1709 985 9.

1176 1011 1327 1054 aequa
1356 1013 1574 1044 mensura
1604 1000 1697 1044 olei
1733 1006 1830 1046 110.

1176 1070 1393 1102 mensura
1424 1059 1614 1103 sextarii
1647 1064 1746 1103 142.

1115 1116 1348 1161 modicum
1396 1131 1432 1164 c.
1487 1133 1584 1175 qen.
1634 1125 1675 1163 6.
1722 1123 1792 1163 86.
1843 1124 1913 1164 92.

1134 1176 1137 1178 “
1175 1190 1296 1232 saep.

1174 1235 1359 1281 modico
1375 1236 1470 1280 sale
1489 1241 1588 1280 308.
1606 1237 1777 1282 similia
1793 1251 1916 1294 saep.

1116 1295 1279 1339 modus

1174 1353 1235 1398 ad
1266 1355 1454 1398 modum
1486 1353 1760 1410 (ἀναλόγως)
1791 1359 1892 1399 204.

1174 1426 1260 1470 pro
1291 1413 1431 1458 modo
1463 1417 1565 1458 290.
1598 1419 1699 1458 466.

1178 1486 1282 1516 cum
1313 1485 1459 1528 aequo
1492 1472 1631 1517 modo
1663 1477 1763 1517 346.

1176 1531 1235 1585 cf.
1267 1546 1375 1588 nux,
1408 1545 1561 1577 ovum.

1117 1605 1210 1634 nux

1176 1648 1238 1693 ad
1268 1649 1456 1693 modum
1488 1649 1620 1694 nucis
1652 1654 1722 1694 87.
1755 1653 1827 1694 89.

1175 1709 1450 1764 magnitudo
1488 1708 1622 1753 nucis
1652 1708 1913 1753 Abellanae

1175 1825 1308 1870 iuxta
1346 1828 1536 1880 modum
1573 1826 1912 1883 magnitudinis

1238 1885 1371 1929 nucis
1412 1885 1670 1930 Abellanae
1722 1885 1915 1930 minoris

1121 2018 1259 2049 ovum

1178 2063 1226 2106 in
1258 2063 1447 2108 modum
1480 2063 1556 2108 ovi
1589 2067 1687 2109 151.

1178 2124 1236 2177 ef.
1270 2137 1498 2167 mensura.

1118 2196 1226 2239 pars

1178 2241 1360 2296 partem
1400 2254 1564 2296 unam,
1606 2242 1763 2298 partes
1802 2240 1917 2286 duas

1178 2362 1336 2416 partes
1368 2361 1592 2415 quattuor
1622 2363 1693 2404 91.

1179 2418 1340 2474 aequis
1370 2418 1583 2475 partibus
1616 2422 1686 2463 13.

1119 2477 1362 2535 paululum
1396 2483 1495 2522 118.

1116 2537 1300 2595 pondus

1179 2610 1329 2652 aequo
1361 2595 1566 2653 pondere
1599 2600 1669 2640 99.

1177 2655 1432 2700 moderatis
1463 2653 1745 2711 ponderibus
1777 2659 1878 2699 384.

1179 2713 1284 2772 pari
1313 2714 1517 2771 pondere
1550 2717 1650 2759 359.

1237 2774 1410 2818 similia
1440 2774 1634 2830 saepius.

1120 2833 1332 2889 portione
1365 2845 1515 2889 aequa
1545 2836 1615 2876 21.

1119 2895 1259 2948 prout
1290 2905 1406 2949 opus
1435 2891 1578 2935 fuerit
1608 2896 1707 2937 297.
