2060 3232
688 807 1425 869 COMMENTARIVS.

331 1042 399 1085 De
447 1040 651 1098 epistula
697 1041 758 1084 ad
803 1040 890 1083 Arz
892 1039 1055 1097 ygium
1096 1038 1241 1083 missa
1281 1039 1330 1083 in
1360 1039 1652 1106 praefatione
1682 1053 1726 1096 p.
1757 1043 1809 1084 15
1835 1054 1903 1095 sq.

214 1100 393 1144 dictum
425 1101 509 1145 est
567 1099 775 1156 capitum
799 1098 882 1156 qui
906 1098 1117 1158 sequitur
1139 1097 1280 1142 index
1303 1097 1394 1142 etsi
1415 1112 1510 1143 non
1532 1098 1901 1155 Pelagonianum

215 1172 317 1204 esse
351 1172 492 1216 supra
514 1158 794 1214 monuimus,
820 1159 1012 1214 propter
1034 1155 1261 1202 lemmata
1285 1157 1490 1214 capitum
1513 1157 1715 1202 maxime
1740 1157 1902 1215 deper-

213 1217 419 1263 ditorum
452 1217 739 1263 omitfiendus
772 1230 865 1261 non
897 1216 1246 1262 erat.u1tima
1269 1218 1428 1261 autem
1458 1217 1667 1262 remedia
1690 1221 1776 1262 453
1802 1230 1900 1272 seq.

219 1291 340 1333 quae
371 1276 422 1320 in
459 1275 615 1321 indice
654 1290 748 1321 non
784 1275 1118 1333 respiciunssur‚
1159 1277 1401 1342 tamquam
1439 1275 1674 1332 appendix
1713 1276 1901 1320 adiecta

211 1337 332 1390 sunt,
384 1338 437 1380 ut
467 1334 643 1380 factum
687 1335 901 1379 videmus
946 1334 994 1378 in
1041 1310 1348 1391 Hippiatricis
1396 1335 1444 1378 et
1490 1334 1615 1391 apud
1651 1334 1903 1392 Vegetium

213 1394 314 1451 (lib.
342 1396 438 1452 VI).
499 1407 650 1451 neque
675 1395 799 1439 enim
829 1394 1089 1438 remedium
1111 1392 1231 1437 illud
1262 1391 1323 1438 ad
1345 1393 1559 1437 morbum
1583 1392 1680 1439 sive
1712 1392 1774 1437 ad
1796 1408 1901 1438 um-

216 1454 324 1498 bras
356 1453 668 1511 expulsandas
701 1454 757 1499 de
799 1454 984 1498 sbabulo
1025 1457 1134 1507 451,
1173 1454 1227 1497 ut
1266 1451 1563 1499 Sarohianius
1603 1453 1790 1498 videtur
1819 1467 1899 1499 vo·

212 1512 367 1569 luisse,
399 1514 544 1558 totius
579 1513 745 1570 capitis
776 1511 1021 1569 inscriptio
1061 1513 1151 1568 est,
1187 1512 1267 1556 sed
1305 1512 1478 1556 lemma
1514 1511 1651 1556 unius
1689 1511 1898 1558 remedii.

332 1572 485 1630 Caput
517 1573 642 1628 quod
672 1586 865 1617 numero
898 1585 1060 1616 carens
1092 1570 1398 1628 praefationis
1429 1570 1578 1616 instar
1605 1570 1721 1629 ipsis
1752 1570 1899 1616 medi-

213 1631 473 1676 caminibus
498 1631 857 1688 morborumque
883 1630 1275 1687 descriptionibus
1300 1629 1608 1687 praemissum
1630 1631 1702 1675 est
1717 1630 1900 1675 Falerio

213 1691 438 1746 seriptum
471 1692 528 1735 de
561 1691 687 1735 notis
719 1689 959 1748 signisque
992 1703 1217 1746 equorum
1250 1715 1304 1721 ——
1331 1690 1475 1746 caput
1506 1691 1663 1734 autem
1689 1688 1819 1746 Geop
1823 1703 1896 1735 on.

212 1749 320 1793 XVI
345 1755 370 1794 2
412 1750 558 1795 ἵππου
599 1754 765 1807 σημεῖα
805 1762 1080 1793 enumerans
1127 1761 1240 1793 cave
1284 1747 1505 1793 tribueris
1552 1747 1808 1806 Pelagonio
1841 1772 1898 1782 —

210 1809 363 1853 totum
394 1809 491 1854 fere
525 1808 811 1854 Columellas
843 1808 983 1853 debet
1015 1808 1215 1864 scriptor
1244 1809 1417 1852 noster.

330 1868 356 1912 1
402 1867 499 1914 Col.
525 1867 589 1912 VI
614 1872 685 1923 29,
711 1874 739 1912 4
771 1869 955 1913 secutus
987 1867 1180 1912 Varron.
1207 1879 1293 1911 rer.
1318 1868 1428 1911 rust.
1455 1866 1499 1910 II
1525 1870 1565 1919 7,
1589 1870 1631 1910 2.
1657 1871 1698 1911 3.
1761 1865 1894 1911 Pela-

210 1925 424 1982 goniam,
470 1941 563 1971 non
609 1925 915 1971 Columellam
959 1925 1187 1983 Vegetius
1233 1924 1479 1982 exscripsit
1507 1925 1567 1968 VI
1590 1929 1633 1980 5,
1659 1930 1789 1969 2-4.
1839 1926 1898 1970 ef.

208 1987 477 2089 pralfbgreav
496 1987 724 2042 Apsyrtus
773 1985 1005 2043 Hippiatr.
1039 2000 1083 2042 p.
1108 1990 1216 2041 226,
1266 1984 1471 2042 Geopon.
1496 1984 1603 2029 XVI
1631 1990 1669 2040 1,
1698 1989 1887 2041 12-16,

248 2058 276 2089 a
317 2059 343 2088 a
380 2046 434 2090 ,Ι
504 2049 558 2088 13
600 2050 640 2090 9.

330 2102 479 2148 cia-00
528 2080 818 2160 sacrisque
868 2102 1297 2160 ceriaminibus]
1342 2103 1398 2147 cf.
1435 2103 1532 2148 001.
1558 2103 1622 2147 vl
1655 2108 1733 2159 27,
1768 2107 1791 2146 1
1826 2107 1892 2148 est

212 2163 328 2207 mim
357 2176 571 2221 qenerosa
600 2165 820 2208 materies.
851 2177 967 2220 quae
997 2163 1117 2208 circo
1147 2164 1375 2220 sacrisque
1406 2163 1731 2208 certaminibus
1760 2175 1895 2219 equos

203 2222 393 2278 praebet
400 2240 419 2278 ;
463 2222 628 2280 Veget.
654 2222 718 2267 VI
743 2229 791 2278 6,
817 2227 843 2266 2
889 2236 998 2267 uam
1044 2226 1097 2266 ut
1141 2223 1310 2266 viliora
1354 2222 1611 2267 ministeria
1648 2225 1894 2276 taceamus,

209 2293 343 2337 equos
373 2282 521 2326 tribus
542 2283 701 2327 usibus
723 2283 791 2327 vel
813 2283 1007 2327 maxime
1030 2282 1305 2326 ‘necessarios
1330 2285 1529 2326 constat.-
1553 2281 1746 2337 proeliis
1769 2281 1889 2326 circo

208 2339 331 2384 sellis
363 2338 478 2396 (Col.
519 2341 575 2384 de
614 2340 890 2386 admissario
923 2339 988 2383 VI
1009 2345 1079 2396 27,
1098 2345 1124 2384 9
1163 2341 1289 2398 isque
1336 2340 1623 2385 admissurae
1662 2343 1770 2396 post
1807 2340 1893 2384 tri-

209 2402 382 2444 matum
411 2412 550 2456 usque
580 2401 634 2444 iu
664 2413 810 2444 anuos
839 2399 1008 2458 viyinti
1030 2375 1299 2456 pierumque
1329 2400 1519 2444 idoneus
1550 2401 1644 2454 est).

329 2457 504 2502 medii
535 2458 734 2503 dentes
760 2457 1110 2515 superiores]
1138 2456 1398 2502 Columella
1420 2457 1554 2502 addit
1576 2461 1618 2502 ct
1640 2457 1893 2512 infimioreS,

210 2529 319 2560 mox
362 2517 554 2562 molares
597 2518 851 2574 superiores
896 2521 937 2562 et
982 2516 1225 2571 inferiores
1278 2515 1423 2561 codex
1478 2515 1893 2573 sangermanensis

212 2574 514 2620 Columellae.

329 2634 443 2680 nisi
481 2649 510 2679 a
543 2632 926 2679 subsilissimo
959 2647 1104 2690 usque
1136 2633 1503 2691 addiscimus]
1541 2633 1717 2678 omittit
1757 2632 1893 2678 Colu-

211 2692 364 2738 mella.
413 2694 640 2763 Vegetius
657 2693 744 2738 sic·
769 2707 850 2738 nec
869 2698 1027 2749 postea
1049 2697 1156 2750 quot
1178 2704 1405 2738 minorum
1426 2693 1521 2737 sint
1542 2693 1653 2737 sciri
1676 2693 1738 2737 ad
1759 2693 1893 2748 fidem

205 2757 353 2808 potest
382 2754 478 2798 uisi
515 2753 661 2810 siym's
703 2752 826 2805 aliis,
857 2766 971 2825 quae
1001 2765 1111 2797 usus
1150 2751 1341 2797 edocuit.
1403 2751 1461 2795 of.
1486 2752 1714 2808 Apsyrtus
1746 2750 1888 2808 Hipp.

209 2825 254 2867 p.
281 2817 366 2857 227
399 2812 481 2856 καὶ
513 2812 597 2856 οὐκ
630 2808 725 2856 ἔστι
757 2807 923 2873 ῥ’ᾀὸιον
949 2805 1342 2867 ἐπιγινώσκεσθαι
1365 2816 1455 2854 τῶν
1482 2805 1595 2854 ἑτῶν
1620 2810 1701 2854 τὸν
1726 2810 1890 2854 λοιπὸν

209 2857 1890 2987 {3553ae⁶252{zngvffissai‘ssgssgz‘zz’mff}0222‘51‘313‘3'210511asszss'spzffigss'
