2060 3232
867 100 1270 153 -221—

226 229 491 276 obdormiet
521 233 623 275 397.

227 287 560 335 obduraverint
595 293 665 332 17.

226 348 503 393 obdurescat
536 352 634 392 196.

225 406 524 451 obroboratio
558 409 658 450 137.

220 466 284 510 ad
315 464 540 520 obsequia
568 463 755 508 habiles
787 468 828 508 3.

225 523 516 569 obtinebitur
546 528 648 568 208.

221 581 411 627 oculare

281 655 322 687 o.
355 642 416 686 ad
446 641 631 686 albores
664 641 759 686 sive
796 641 858 685 ad
887 640 1021 697 glau-

340 702 530 746 comata
560 704 662 745 428.

281 772 322 805 o.
356 760 417 804 ad
456 760 617 804 album
650 762 753 803 414.
784 763 886 802 419.
919 761 1020 802 420.

283 832 325 864 o.
358 816 681 863 authenticum
735 817 913 862 faciens
960 817 1021 860 ad

340 890 561 935 magnam
575 876 910 934 lippitudinem
918 879 1020 919 426.

282 950 323 980 o.
357 936 419 980 ad
450 934 693 980 cicatrices
725 939 826 979 413.
859 939 960 978 421.

282 1008 324 1039 o.
358 994 418 1038 ad
451 1008 638 1039 omnem
679 994 888 1039 dolorem
919 999 1020 1038 427.

283 1067 324 1098 o.
359 1054 612 1111 epiphorae
644 1058 745 1098 416.

282 1127 324 1158 o.
358 1113 419 1156 ad
450 1113 692 1157 oculorum
725 1111 1022 1156 infirmitates

282 1245 324 1276 o.
358 1231 418 1274 ad
438 1230 774 1289 lippitudinem
791 1234 893 1275 417.
918 1234 1020 1276 426.

281 1362 322 1393 ο.
355 1349 416 1392 ad
447 1362 717 1406 percussum
748 1353 848 1393 410.
881 1353 983 1394 418.

280 1422 321 1453 o.
355 1407 419 1452 ad
467 1410 704 1453 recentem
749 1422 1020 1465 percussum

218 1525 381 1571 oculus

280 1599 422 1631 curae
454 1585 696 1630 oculorum
730 1597 891 1629 omnes
920 1585 1018 1630 ind.

339 1658 438 1702 cap.
475 1644 647 1689 XXX.

279 1703 342 1748 ad
371 1716 646 1760 percussum
677 1703 863 1748 oculum
894 1707 997 1748 439.

280 1762 343 1806 ad
350 1762 657 1807 suffusionem
671 1763 910 1807 oculorum
917 1767 1020 1806 442.

281 1821 342 1865 ad
372 1823 542 1866 vulnus
575 1820 702 1866 oculi
732 1825 833 1867 441.

281 1881 320 1925 si
352 1895 392 1926 o.
428 1880 747 1925 canceraverit
777 1884 878 1924 434.

279 1940 321 1983 si
352 1953 498 1995 equus
547 1940 733 1985 oculum
771 1939 1020 1991 vexaverit

280 2057 320 2101 si
352 2058 508 2102 subito
538 2057 819 2102 intumuerit
848 2061 950 2102 445.

280 2116 407 2162 oculi
438 2115 537 2162 albi
567 2121 640 2163 47.

276 2189 321 2220 o.
354 2175 523 2220 arrecti
563 2177 612 2219 et
651 2175 886 2232 splendidi
916 2180 1018 2220 404.

281 2248 324 2279 o.
357 2233 631 2279 arrectiores
663 2238 765 2279 205.

283 2307 324 2338 o.
358 2293 594 2338 coloratus
626 2297 727 2338 208.

283 2366 325 2398 o.
357 2352 527 2397 incerti
559 2354 607 2397 et
636 2352 862 2397 micantes
895 2356 995 2397 291.

280 2425 321 2458 o.
353 2411 686 2469 ingravescunt
715 2416 816 2456 448.

279 2485 320 2515 o.
352 2469 653 2514 lacrimantes
684 2475 786 2515 294.

280 2543 322 2574 0.
354 2543 473 2574 unus
505 2529 658 2574 minor
688 2529 744 2574 fit
774 2534 874 2574 409.

280 2602 322 2632 o.
355 2588 478 2645 nigri
507 2594 550 2633 2.

281 2662 321 2691 o.
355 2646 596 2704 sulphurei
627 2649 710 2691 aut
738 2646 882 2692 felliti
916 2653 983 2692 11.

279 2720 320 2751 o.
351 2705 628 2751 tumidiores
659 2710 730 2751 33.

223 2765 516 2821 oenophorus
546 2765 725 2811 vitreus
757 2770 859 2812 468.

225 2836 450 2880 oesypum
481 2829 595 2869 336?

225 2882 317 2928 offa
349 2886 420 2928 31.
453 2887 523 2928 98.
559 2888 642 2928 189
674 2898 795 2942 saep.

1117 228 1260 273 offula
1290 233 1391 273 296.

1113 286 1267 331 oleum
1295 288 1469 343 passim
1500 290 1647 347 (saepe
1678 304 1779 336 cum
1802 293 1910 337 vino

1171 346 1486 402 coniwnyitur,
1510 349 1629 404 quod
1654 349 1825 396 Graece
1849 356 1913 396 esc

1172 402 1438 462 οἰνέλαιον).

1172 476 1211 508 0.
1246 464 1420 508 bonum
1451 469 1522 510 37.
1548 470 1650 510 220.
1675 472 1776 512 274.
1802 473 1903 514 377.

1204 558 1213 567 .
1248 522 1452 567 calidum
1485 526 1586 568 350.

1203 615 1214 626 .
1247 581 1487 626 cedrinum
1518 587 1619 628 269.
1654 587 1755 628 314.

1204 675 1214 685 .
1247 639 1476 685 cibarium
1507 646 1607 687 258.
1643 647 1743 688 269.

1203 734 1212 745 .
1247 712 1490 745 commune
1522 705 1624 746 269.
1651 705 1750 747 314.

1204 794 1213 803 .
1247 756 1498 814 Cyprinum
1543 765 1615 805 40.
1665 765 1766 805 269.
1808 764 1907 806 320.

1232 821 1332 862 336.
1366 821 1467 863 355.
1499 822 1601 862 453.

1203 911 1212 920 .
1244 875 1508 932 Hispanum
1540 882 1640 922 316.

1204 969 1214 980 .
1246 935 1419 979 irinum
1442 940 1525 981 aut
1548 936 1785 981 laurinum
1809 942 1914 982 297.

1202 1030 1212 1040 .
1245 994 1481 1039 laurinum
1497 999 1566 1041 50.
1587 1000 1913 1042 208.273.297.

1232 1058 1334 1098 384.
1367 1059 1467 1099 386.
1501 1058 1602 1099 447.
1635 1058 1738 1100 453.

1203 1147 1212 1157 .
1244 1111 1548 1157 lentiscinum
1581 1118 1682 1161 384.
1713 1119 1814 1159 386.

1204 1206 1213 1215 .
1245 1172 1500 1228 myrtinum
1531 1177 1632 1218 336.

1173 1245 1213 1275 o.
1246 1245 1412 1287 purum
1447 1236 1548 1277 320.

1171 1302 1214 1334 o.
1248 1288 1478 1334 rosacium
1502 1293 1574 1337 48.
1601 1295 1671 1335 76.
1704 1295 1776 1336 89.
1808 1296 1909 1337 208.

1232 1353 1332 1394 374.
1366 1353 1452 1394 388
1482 1363 1605 1406 saep.

1172 1422 1214 1453 o.
1244 1409 1454 1452 rutatum
1485 1412 1556 1454 26.

1172 1480 1212 1512 o.
1246 1467 1445 1524 simplex
1477 1473 1545 1513 62.
1580 1471 1682 1511 386.

1172 1539 1214 1572 ο.
1246 1525 1532 1582 styracinum
1565 1531 1665 1571 273.

1172 1598 1212 1629 o.
1248 1599 1479 1629 summum
1511 1590 1582 1630 82.
1615 1589 1717 1630 380.

1171 1125 1199 1216 00
1171 889 1199 1038 000
1172 536 1199 803 00000

1172 1657 1213 1688 ο.
1245 1647 1381 1689 vetus
1398 1647 1470 1688 40.
1496 1648 1567 1691 49.
1587 1648 1657 1690 55.
1684 1648 1784 1689 208.
1810 1649 1913 1690 409.
1985 1640 1988 1643 ’

1174 1702 1267 1748 olei
1295 1703 1404 1747 faex
1435 1707 1536 1748 353.

1112 1761 1207 1807 olla
1241 1765 1340 1807 111.
1373 1766 1474 1807 384.

1171 1820 1267 1866 olla
1296 1834 1420 1866 nova
1453 1825 1555 1866 111.

1172 1894 1212 1924 o.
1246 1881 1397 1925 vitrea
1429 1886 1499 1925 18.

1111 1938 1440 1997 opisthotonus
1470 1940 1568 1984 ind.
1601 1953 1700 1997 cap.
1737 1939 1913 1996 XVII.

1172 2002 1271 2043 140.
1300 2003 1398 2044 183.
1425 2003 1526 2043 267.
1553 2003 1652 2043 270.
1680 2003 1782 2044 271.
1807 2003 1907 2043 272.

1111 2057 1271 2115 opium
1304 2062 1376 2102 81.
1415 2062 1486 2102 97.
1529 2061 1628 2102 114.
1669 2061 1770 2102 245.
1811 2061 1912 2102 303.

1170 2121 1270 2161 382.
1305 2119 1407 2160 438.

1111 2174 1468 2232 opobalsamum
1499 2179 1588 2219 490
1619 2189 1675 2219 eae
1713 2175 1817 2233 Veq.

1110 2248 1356 2291 opopanax
1394 2238 1464 2279 35.
1516 2237 1614 2279 111.
1666 2238 1764 2278 114.
1812 2238 1910 2279 118.

1172 2297 1272 2338 144.
1305 2297 1392 2337 230
1423 2297 1465 2338 et
1488 2294 1680 2350 passim.

1172 2366 1212 2397 o.
1244 2351 1359 2396 Afra
1390 2356 1490 2396 341.

1112 2410 1226 2462 ὀπὸς
1255 2409 1554 2468 Κυρηναϊκός
1585 2415 1686 2456 268.

1111 2469 1348 2515 orbiculus
1379 2475 1451 2514 22.

1111 2542 1245 2574 orcus
1277 2533 1365 2574 278
1394 2530 1449 2574 in
1473 2529 1864 2586 praecantatione.

1112 2601 1191 2632 ore
1225 2588 1477 2645 dissipatos
1511 2591 1612 2632 286.

1113 2646 1400 2704 orthocyllus
1431 2651 1532 2690 266.

1111 2708 1402 2763 orthopnoea
1430 2709 1532 2750 205.

1113 2765 1303 2810 oscitari
1335 2770 1434 2810 267.

1114 2838 1221 2869 ossa
1252 2823 1421 2868 canina
1452 2828 1523 2868 31.

1115 2883 1321 2940 ossilago
1353 2886 1453 2927 252.
1487 2886 1572 2927 491
1610 2882 1684 2940 (ex
1722 2882 1862 2939 Veq.).
