2060 3232
852 128 1183 180 —7—

170 267 421 330 Apsyrtus
469 266 534 313 ad
577 264 928 326 Asclepiadem
967 263 1153 311 librum
1193 267 1284 312 aut
1328 266 1495 312 totum
1533 269 1624 314 aut
1659 269 1858 328 partem

169 341 277 388 eius
316 339 454 387 misit
471 331 527 404 1).
590 337 719 386 liber
751 339 922 386 autem
952 337 1260 399 compositus
1285 341 1362 386 est
1394 353 1454 385 ex
1485 339 1714 400 epistulis
1744 342 1858 404 plu-

167 413 306 461 rimis
335 413 396 461 de
420 411 606 460 morbis
630 411 862 474 curisque
889 426 1134 474 equorum
1157 410 1222 458 ad
1249 411 1416 460 varios
1453 412 1678 461 homines
1707 414 1856 479 datis,

166 489 344 549 postea
381 486 434 533 in
471 502 631 534 unum
670 485 950 533 coniunctis
963 479 1019 547 2).
1085 484 1259 532 eadem
1296 485 1491 533 ratione
1522 485 1858 550 Pelagonium

167 576 258 622 per
295 560 539 622 epistulas
577 574 657 607 res
687 558 1014 608 veterinarias
1054 562 1378 620 persecutum
1415 574 1523 607 esse
1561 560 1856 610 videbimus.

277 634 355 681 Ex
369 633 619 695 prioribus
635 633 889 695 Apsyrtus
906 648 1066 680 unum
1081 632 1260 680 laudat
1275 633 1547 681 Eumelum
1565 633 1860 683 Thebanum

168 707 580 755 mulomedicum:
627 724 672 769 p.
710 709 776 755 12
818 702 885 764 ὡς
923 704 1110 771 εἴρηται
1147 703 1230 754 καὶ
1267 704 1489 776 Εὐμήλῳ
1526 710 1593 776 τῷ
1638 707 1860 777 Θηβαίῳ,

164 798 212 843 p.
247 782 315 829 38
348 779 535 846 εἴρηται
566 776 619 828 δὲ
648 777 732 828 καὶ
762 778 982 847 Εὐμήλῳ
1015 779 1259 847 ἵππιατρῷ
1294 776 1378 843 (cf.
1403 798 1436 843 p
1476 783 1566 843 393
1601 781 1859 831 Hierocles

164 872 211 916 p.
250 856 330 903 15.
372 856 443 903 40
484 870 545 903 ex
581 849 844 918 Apsyrto).
912 855 1029 915 post
1069 852 1399 901 Columellam
1446 870 1562 902 eum
1601 855 1859 917 scripsisse

167 944 227 976 ex
264 928 400 976 hisce
434 943 559 992 quos
599 927 790 976 subicio
821 927 946 975 locis
977 927 1111 974 inter
1149 942 1201 975 se
1234 928 1536 990 comparatis
1576 928 1858 993 intelleges

239 1030 342 1080 Col.
391 1031 466 1079 VI
513 1032 606 1095 30,
657 1033 686 1080 6
749 1033 794 1080 si
847 1046 963 1091 equo

163 1106 394 1154 maxillae
431 1106 602 1160 dolent,
645 1106 802 1153 calido
834 1109 963 1153 aceto

1129 1030 1374 1078 Eumelus
1414 1030 1565 1094 Hipp.
1608 1033 1676 1080 63
1733 1030 1856 1098 πρὸς

1054 1103 1262 1169 γνάθων
1309 1102 1469 1152 πόνον
1514 1102 1598 1153 καὶ
1644 1108 1858 1171 φλεγμο-

163 1180 397 1239 fovendae
449 1183 493 1227 et
544 1181 760 1240 axungia
810 1183 965 1227 vetere

164 1254 508 1313 confricandae
551 1257 666 1301 sumt
711 1254 965 1313 eademque

164 1329 403 1376 medicina
471 1328 760 1376 tumentibus
829 1327 963 1376 adhi-

163 1402 319 1449 benda
358 1404 437 1450 est.

237 1547 312 1596 VI
352 1550 445 1611 30,
479 1549 525 1596 8.
570 1549 598 1595 9
655 1551 707 1595 at
758 1549 803 1595 si
856 1548 966 1595 bilis

164 1623 363 1670 molesta
411 1625 479 1669 est
522 1623 753 1676 iumentO,
803 1624 966 1668 venter

162 1697 434 1744 intumescit
467 1709 554 1743 nec
592 1696 760 1743 emittit
787 1698 963 1743 ventos.

164 1785 342 1818 manus
385 1773 534 1817 uncta
577 1770 810 1817 inseritur
856 1769 965 1817 alvo

164 1847 208 1891 et
265 1844 444 1892 obsessi
501 1843 753 1891 naturales
813 1844 966 1891 exitus

163 1918 519 1978 adaperiuntur
532 1920 833 1977 exemptoque
846 1920 962 1965 ster-

164 2006 270 2039 core
298 1995 471 2051 postea
510 1992 673 2039 cunila
711 1991 892 2039 bubula
923 1994 967 2038 et

1055 1176 1167 1241 νήν.
1220 1175 1319 1236 ὄξει
1350 1182 1520 1246 θερμῷ
1551 1177 1636 1227 καὶ
1665 1183 1858 1249 παλαιῷ

1056 1249 1299 1320 ἆξουγγίῳ
1345 1252 1500 1317 πυρία
1544 1250 1627 1301 καὶ
1674 1252 1718 1301 εἰ
1754 1251 1859 1302 ἐπι-

1057 1322 1196 1388 μένοι
1235 1322 1261 1373 ὅ
1301 1324 1455 1383 πόνος
1480 1323 1681 1375 ε’πίκαιε.
1727 1326 1781 1376 τὸ
1806 1324 1859 1376 δὲ

1057 1397 1175 1447 αὐτὸ
1201 1397 1442 1463 βοήθημα
1473 1398 1557 1448 καὶ
1587 1398 1710 1465 πρὸς
1743 1404 1860 1463 φλε-

1054 1470 1244 1537 γμονὰς
1274 1471 1646 1538 προσαγόμενον
1671 1471 1860 1537 ὠφελεῖ.

1130 1547 1324 1594 Eumel.
1343 1546 1495 1609 Hipp.
1512 1549 1616 1595 202
1636 1544 1860 1613 ἐπαχθὴς

1056 1617 1172 1684 χολὴ
1221 1618 1303 1667 διὰ
1353 1626 1439 1683 τῆς
1486 1619 1610 1669 κατὰ
1653 1620 1861 1688 γαστέρα

1056 1697 1339 1758 φλεγμονῆς
1365 1693 1755 1759 ὃιαγινώσκεται·
1783 1696 1865 1745 δεῖ

1055 1767 1229 1816 τοίνυν
1268 1765 1570 1832 ἐμβάλλοντα
1600 1767 1692 1832 τὴν
1723 1773 1858 1836 χεῖρα

1056 1839 1147 1904 τὴν
1178 1840 1366 1903 κόπρον
1398 1839 1629 1904 ἀφέλκειν
1660 1841 1751 1902 ἔξω
1776 1843 1860 1893 καὶ

1057 1913 1173 1979 μετὰ
1211 1922 1363 1964 ταῦτα
1409 1912 1643 1982 ὀρίγανον
1683 1914 1861 1983 ἀγρίαν

1054 1987 1139 2037 καὶ
1192 1986 1549 2055 ἀγριοσταφίὸα
1601 1988 1684 2038 καὶ
1738 1990 1859 2050 ἅλας

1055 2061 1231 2111 λεπτὸν
1271 2062 1388 2127 μετὰ
1427 2061 1617 2128 μέλιτος
1657 2061 1859 2129 ἡψημέ-

1054 2155 1148 2185 νου
1174 2136 1310 2200 μίξαι
1332 2135 1416 2185 καὶ
1446 2136 1726 2201 ποιήσαντα
1748 2143 1860 2188 κολ-

1055 2210 1199 2275 λύρια
1252 2208 1494 2275 ἐμβαλεῖν.
1580 2219 1722 2260 τοῦτο
1776 2212 1860 2262 καὶ

162 2066 312 2113 herba
355 2066 659 2125 pedicularis
705 2079 814 2112 cum
863 2065 965 2112 sale

163 2141 281 2187 trita
313 2143 356 2187 et
385 2140 574 2187 decocta
603 2139 733 2186 melli
763 2140 962 2186 miscen-

164 2217 244 2261 tur
283 2216 423 2272 atque
466 2214 538 2260 ita
582 2213 717 2271 facta
764 2213 965 2272 collyria

164 2338 342 2391 dicant;
367 2337 503 2381 ludos
529 2336 812 2381 Sarmaticos
829 2338 1145 2381 Mommsenus
1164 2335 1288 2380 CIL.
1314 2335 1335 2378 Ι
1358 2351 1402 2392 p.
1422 2342 1507 2382 407
1535 2338 1595 2380 ad
1612 2338 1858 2383 victoriam

165 2411 196 2441 a
219 2395 525 2441 Constantino
550 2397 607 2439 de
634 2395 860 2440 Sarmatis
886 2409 926 2439 a.
953 2401 1039 2440 332
1065 2396 1354 2452 reportatam
1378 2396 1544 2451 refert,
1575 2397 1635 2440 ad.
1660 2398 1858 2443 eandem

163 2455 356 2500 titulum
389 2454 510 2499 CIL.
544 2455 608 2499 ΙΙΙ
641 2460 750 2509 733,
781 2455 863 2499 ubi
891 2454 1000 2499 vide
1032 2454 1269 2498 adnotata.

287 2518 328 2568 1)
363 2514 501 2571 Hipp.
534 2530 579 2570 p.
608 2519 631 2557 1
680 2512 1034 2571 ἀναταξοὶμενος
1073 2510 1157 2557 οὖν
1195 2519 1343 2557 ταῦτα
1381 2512 1462 2557 καὶ.
1501 2512 1561 2557 τὰ
1590 2515 1707 2570 πρὸς
1737 2516 1859 2560 αὐτὰ

165 2572 452 2630 βοηθήματα
474 2580 740 2630 προσφωνῶ
766 2588 853 2628 σοι,
878 2574 1069 2629 φίλτατε
1089 2570 1410 2629 Ἀσκληπιάδη,
1435 2579 1570 2617 τοῦτο
1594 2573 1646 2617 τὸ
1665 2575 1859 2633 βιβλίον,

165 2631 268 2677 ὄντι
300 2648 379 2689 μοι
408 2634 572 2689 πολίτῃ
604 2631 686 2676 καὶ
719 2630 860 2691 ἰατρῷ
894 2633 1102 2691 μεγίστῳ.
1165 2646 1276 2674 num
1306 2632 1431 2675 idem
1463 2632 1526 2675 sit
1555 2634 1859 2690 Asclepiades

166 2707 214 2748 p.
241 2697 324 2735 133
358 2691 520 2736 dubito
555 2690 752 2747 (Miller,
784 2692 894 2735 Not.
927 2695 977 2735 et
1008 2690 1202 2735 extraits
1234 2689 1343 2734 XXI
1375 2695 1400 2734 2
1433 2705 1478 2747 p.
1507 2695 1623 2746 105).

286 2751 333 2808 2)
363 2750 419 2794 In
450 2750 651 2807 epistula
681 2750 744 2794 ad.
773 2749 1031 2794 Achaicum
1058 2749 1311 2794 Nicaenum
1346 2750 1459 2794 data
1489 2765 1532 2806 p.
1559 2756 1615 2794 39
1648 2749 1752 2807 ipse
1782 2765 1857 2796 re-

166 2812 309 2854 vocat
347 2810 407 2853 ad
446 2810 649 2865 priorem
687 2823 818 2853 suam
859 2809 1113 2864 epistulam
1152 2808 1230 2865 (ὡς
1269 2806 1522 2865 εἰρήκαμεν
1564 2805 1616 2853 ἐν
1654 2816 1711 2868 τῇ
1742 2811 1858 2868 πρὸς

168 2868 410 2912 Πούπλιον
454 2866 689 2923 Οὐάρωνα
722 2864 978 2925 ἐπιστολῇ),
1011 2869 1092 2912 ubi
1124 2871 1186 2924 (p.
1219 2870 1294 2924 37)
1333 2868 1421 2911 viri
1452 2882 1624 2912 nomen
1653 2868 1858 2914 traditur

167 2926 258 2971 hoc
293 2925 523 2983 Τυράνιος
554 2926 735 2984 Βάρων.
