2060 3232
860 119 1263 171 ——230—

275 245 418 290 tussis
451 261 570 302 quae
611 248 669 292 de
700 247 911 293 faucibus
940 263 1019 293 na-

334 306 479 350 scitur
509 311 580 351 87.
613 312 683 351 90.

278 366 313 411 t.
346 378 466 421 quae
509 366 565 410 de
597 365 894 423 pulmonibus
936 381 1017 411 na-

336 423 484 468 scitur
516 428 584 470 78.
617 430 687 470 81.

213 483 549 586 tyrgilzansstligus
587 485 683 528 ind.
717 498 816 541 cap.
853 485 1014 530 XIII.

211 672 358 704 vacca
389 665 488 705 276.

211 718 434 763 valetudo
467 718 541 764 vel
582 732 724 763 causa
760 720 912 764 morbi
947 726 1014 765 11.

271 778 331 822 ad
374 791 509 822 omne
547 792 692 835 genus
731 779 1014 824 valetudinis

211 894 430 940 valvulae
464 900 561 940 108.

210 968 295 1000 vas
324 968 498 1000 novum
530 960 629 1000 208.

272 1028 316 1058 v.
347 1014 461 1058 rude
493 1013 704 1072 ligneum
737 1017 819 1060 aut
860 1016 1015 1073 plum-

331 1073 470 1118 beum
504 1077 603 1119 111.

213 1144 334 1176 vena

270 1206 313 1235 v.
355 1205 476 1247 quae
522 1191 572 1234 in
615 1191 763 1236 latere
811 1194 883 1236 est
929 1193 1016 1239 sub

332 1263 510 1294 armum
544 1255 615 1295 34.

270 1323 418 1354 venae
449 1309 500 1352 in
529 1312 728 1366 utroque
761 1324 894 1356 crure
927 1311 1016 1356 sol·

329 1370 500 1413 vantur
532 1374 601 1414 43.

270 1441 441 1472 venam
473 1428 645 1472 ducens
678 1433 779 1473 225.

272 1499 420 1531 venae
445 1487 639 1531 cervicis
663 1488 892 1533 laxandae
912 1491 1020 1534 sunt

270 1617 416 1649 venae
446 1605 643 1649 fluentes
675 1611 746 1651 43.
779 1610 881 1652 310.

269 1678 412 1708 venas
454 1664 635 1709 solvere
675 1670 747 1709 43.
780 1671 882 1711 208.
916 1671 1016 1712 217.

270 1795 419 1827 venae
450 1781 574 1826 ferro
606 1782 845 1828 relaxatae
878 1789 949 1830 34.

270 1854 393 1885 vena
430 1855 653 1897 percussa
712 1844 809 1887 ind.
872 1858 971 1900 cap.

333 1900 585 1945 XXIIII.
611 1904 710 1945 310.

273 1960 331 2003 de
377 1959 507 2003 venis
519 1961 575 2015 (?)
621 1959 897 2017 intellegere
952 1962 1016 2005 fe-

314 2016 562 2062 'brientem
587 2023 658 2065 34.

216 2079 381 2122 venter

274 2135 450 2181 ventris
483 2136 617 2181 dolor
647 2141 718 2180 32.
754 2141 852 2182 115.
888 2142 985 2183 116.

275 2195 450 2239 ventris
481 2195 630 2239 fluxus
661 2200 732 2241 47.

273 2255 451 2298 ventris
483 2257 717 2299 tormenta
751 2260 849 2300 139.

273 2311 451 2357 ventris
483 2314 770 2358 tumor.212.

274 2373 439 2416 venter
470 2372 650 2428 crescit,
680 2373 900 2418 increscit
916 2379 1016 2418 210.

274 2433 439 2475 venter
467 2445 562 2474 non
593 2431 710 2475 facit
743 2437 839 2477 130.

275 2506 317 2534 v.
354 2490 632 2534 substrictus
665 2495 704 2534 2.

275 2549 486 2594 ventrem
517 2563 704 2594 movere
739 2553 838 2595 137.
873 2555 973 2595 141.

276 2610 488 2653 ventrem
521 2609 570 2652 et
606 2608 751 2653 testes
791 2609 1018 2665 fumigare

214 2729 383 2773 ventus

276 2786 471 2831 ventum
517 2784 566 2829 in
602 2799 794 2830 armum
840 2784 1019 2829 mittito

278 2903 318 2947 si
335 2906 525 2948 ventum
538 2916 631 2947 non
648 2902 902 2948 reddiderit
922 2907 1018 2947 132.

1109 249 1345 293 veratrum
1378 249 1562 304 nigrum
1593 253 1692 293 339.
1727 253 1826 295 340.

1108 307 1280 352 verbex
1310 313 1410 352 276.
1443 322 1484 353 v.
1517 307 1804 355 berbecinas,

1109 368 1343 411 veretrum
1374 371 1474 411 205.

1168 441 1209 470 v.
1242 425 1486 482 porcinum
1518 430 1619 471 237.

1165 498 1208 528 v.
1242 483 1520 528 submissum
1555 489 1654 530 157.

1105 555 1286 587 vermes

1167 602 1224 646 de
1284 601 1519 646 vermibus
1581 603 1678 648 ind.
1741 617 1839 660 cap.

1226 659 1499 704 XXXIII.

1166 732 1346 764 vermes
1377 719 1435 763 de
1466 720 1665 776 pistrino
1697 725 1798 766 206.

1165 789 1346 823 vermes
1372 778 1411 822 si
1434 778 1601 823 vulnus
1626 779 1792 825 fecerit
1812 785 1907 825 179.

1106 837 1349 882 vermiculi
1379 837 1689 894 porcelliones
1721 839 1800 895 qui
1828 853 1908 897 ap-

1166 895 1402 952 pellantur
1433 901 1504 942 49.

1106 956 1442 1013 vermigeratus
1475 960 1574 1000 278.

1108 1015 1311 1059 vernalis

1166 1074 1297 1129 potio
1330 1074 1534 1118 vernalis
1566 1077 1668 1119 454.

1088 1126 1163 1176 'de
1196 1131 1401 1176 verrucis
1432 1147 1653 1189 pecorum
1683 1135 1780 1180 ind.
1809 1149 1909 1194 cap.

1226 1191 1523 1237 XXXIIII.

1107 1250 1165 1294 ad
1196 1254 1360 1306 pectus
1395 1265 1576 1295 versum
1607 1256 1708 1295 211.

1111 1310 1327 1353 vertebra
1357 1314 1456 1354 292.

1109 1367 1266 1413 vesica
1300 1373 1397 1413 141.
1435 1374 1532 1413 146.

1170 1429 1352 1472 vesicae
1362 1429 1411 1471 in
1420 1427 1617 1485 genibus
1627 1433 1710 1473 491
1730 1443 1786 1474 ex
1806 1429 1910 1488 Veq.

1109 1486 1340 1531 vessicula
1374 1491 1472 1532 193.

1109 1545 1337 1591 vesticula
1372 1551 1470 1590 122.

1108 1606 1255 1649 veteri
1286 1606 1375 1651 abl.
1406 1607 1594 1662 passim,
1627 1607 1786 1652 vetere
1809 1611 1910 1652 245.

1107 1665 1348 1708 vettonica
1375 1669 1441 1708 14.
1471 1669 1539 1710 16.
1565 1670 1666 1712 367.
1691 1670 1790 1712 370.
1810 1671 1910 1712 390.

1167 1782 1316 1827 herba
1346 1782 1586 1828 vettonica
1615 1788 1717 1829 341.

1108 1839 1335 1886 viatorius

1167 1902 1420 1945 viatorium
1452 1905 1554 1945 461.

1166 1959 1415 2004 viatorium
1459 1959 1770 2004 certissimum
1807 1963 1908 2005 427.

1167 2018 1428 2063 remedium
1458 2018 1710 2064 viatorium
1743 2023 1842 2067 155.

1168 2078 1227 2132 cf.
1261 2078 1419 2122 tussiS.

1108 2136 1282 2181 vidella
1312 2152 1351 2182 v.
1385 2136 1575 2182 bidella.

1108 2194 1269 2240 vinum
1297 2198 1484 2253 passim.

1167 2270 1210 2299 v.
1241 2256 1406 2300 Afrum
1441 2260 1510 2313 18.
1542 2260 1643 2300 462.

1167 2328 1209 2358 v.
1243 2314 1404 2358 album
1438 2318 1508 2359 20.
1543 2321 1613 2360 81.
1646 2319 1716 2359 91.
1751 2321 1820 2360 99.

1168 2388 1211 2418 v,
1242 2373 1491 2418 Amineum
1523 2379 1622 2418 428.
1656 2378 1757 2419 467.

1168 2447 1211 2476 v.
1243 2435 1479 2478 austerum
1514 2437 1583 2476 58.
1617 2438 1717 2477 212.
1797 2486 1801 2490 .

1168 2508 1210 2535 v.
1244 2491 1448 2536 calidum
1482 2496 1579 2536 107.

1168 2565 1209 2596 v.
1245 2551 1495 2594 candidum
1537 2555 1635 2594 101.
1676 2555 1776 2596 358.
1809 2556 1910 2597 381.

1228 2612 1328 2653 399.
1361 2614 1462 2654 408.

1247 2666 1413 2711 Chium
1445 2682 1486 2712 v.
1521 2667 1700 2712 Chium.

1245 2727 1469 2771 cibarium
1502 2730 1600 2770 288.

1204 2819 1215 2830 .
1246 2785 1566 2830 dulcissimum
1597 2791 1714 2831 411..

1205 2879 1214 2888 .
1246 2845 1491 2888 Falernum
1526 2850 1624 2890 420.
1657 2850 1758 2890 426.

1205 2938 1214 2948 .
1248 2903 1433 2961 nigrum
1465 2909 1566 2950 403.

1168 2683 1212 2947 «⁴5¹5
