2060 3232
842 98 1244 152 -124—

93 237 189 284 462
317 235 474 284 Aliud
506 235 640 300 quod
661 235 909 286 Pannonii
931 235 1138 285 faciunt.
1192 235 1299 285 vini
1321 235 1434 284 Afri
1465 233 1529 285 ἐξ.
1553 234 1719 300 VIIII,
1749 234 1896 284 fabae

205 339 366 390 fresae
398 341 517 390 sext.
543 340 635 405 111,
666 340 815 388 laridi
845 339 1049 405 pinguis
1079 338 1264 389 veteris
1294 313 1341 402 ὃ.
1373 339 1538 404 vnn,
1577 353 1751 402 porros
1784 354 1898 388 oum

206 413 455 477 capitibus
495 414 792 479 quindecim,
833 413 1005 477 coquis
1037 413 1101 462 ad
1130 412 1306 463 tertias
1338 415 1389 462 et
1420 414 1507 463 das
1538 430 1627 475 per
1657 412 1895 461 triduum.

206 487 416 537 curabis,

93 561 189 608 463
319 561 585 611 Glutinosa
638 560 703 608 ad
746 561 917 610 vulsos
971 560 1179 608 animali
1229 559 1332 607 uni.
1411 560 1662 623 eupatorii
1701 586 1770 594 —
1811 559 1898 624 VI,
1944 572 1967 606 5

205 636 457 685 tracanthi
487 661 560 668 —
582 634 647 698 H,
687 633 952 697 zingiberis
974 660 1048 668 -—-
1071 634 1158 698 VI,
1198 633 1329 682 croci
1353 659 1423 666 —
1447 633 1488 697 Ι,
1526 634 1740 682 meliloti
1766 660 1833 667 -—
1858 634 1899 698 Ι,

207 710 370 772 spicae
420 707 636 757 Celticae
671 734 738 740 —-
771 707 867 771 VI,
916 706 1078 757 casiae
1123 707 1323 756 fistulae
1359 732 1422 741 —-
1458 707 1531 772 Π,
1592 707 1724 756 asari
1768 707 1899 757 Pon-

204 783 294 832 tici
323 809 384 817 —
413 782 478 846 Π,
520 781 704 830 amomi
735 806 795 813 —
825 781 911 845 VI,
945 781 1110 844 spicae
1141 781 1286 829 nardi
1311 807 1376 814 —
1405 781 1445 845 Ι,
1486 780 1686 830 schoeni
1711 808 1781 815 —
1805 780 1899 846 HI,

206 856 317 906 folii
356 872 487 920 sem„
525 870 667 904 rosae
701 854 859 904 siccae
893 882 963 888 —
996 855 1083 919 VI,
1123 855 1311 905 caricas
1344 820 1497 920 XXV,
1538 855 1764 918 dactylos
1794 854 1900 919 ΧΧ,

204 946 333 980 uvae
365 946 540 993 passae
567 931 686 978 sext.
719 929 745 977 Ι
777 946 836 994 5.,
875 929 1011 978 faeni
1051 929 1228 979 Graeci
1260 931 1379 980 sext.
1412 930 1437 977 Ι
1469 945 1528 994 5.,
1567 929 1661 977 11111
1700 928 1901 981 5011111115
1925 941 1970 974 10

206 1007 324 1054 sext.
371 1004 397 1051 Ι
430 1020 488 1068 s.‚
545 1003 723 1052 bulbos
776 1003 1069 1111 Megaricoso
1092 1004 1206 1069 XV,
1259 1003 1395 1066 passi
1442 1005 1561 1052 sext.
1595 1003 1647 1050 H
1679 1019 1741 1067 s.‚
1797 1002 1902 1053 sevi

203 1107 385 1156 hircini
418 1121 461 1166 p.
494 1106 520 1153 Ι
559 1121 621 1170 5.,
670 1106 775 1156 sevi
812 1107 1005 1156 taurini
1042 1124 1088 1169 p.
1120 1107 1147 1154 I
1186 1123 1244 1171 s.‚
1293 1122 1524 1156 acronem
1569 1106 1831 1169 porcinum
1861 1106 1901 1171 Ι,

204 1184 255 1230 et
292 1180 466 1231 vinum
502 1182 669 1245 vetus,
710 1182 761 1229 et
799 1181 967 1230 omnia
1004 1183 1169 1245 tegas:
1202 1181 1266 1229 ad
1303 1181 1480 1230 tertias
1520 1180 1693 1244 coquis
1725 1182 1776 1229 et
1814 1196 1903 1261 per

202 1255 428 1304 triduum
465 1254 618 1303 dabis.
681 1254 889 1304 curabis.

93 1326 189 1371 464
317 1328 464 1378 Potio
526 1329 769 1379 hiemalis.
848 1329 978 1378 croci
1041 1345 1155 1378 sem.
1175 1367 1188 1394 ‚
1241 1328 1495 1377 tracanthi
1538 1355 1601 1361 —
1621 1367 1634 1393 ,
1680 1328 1902 1390 pulveris
1928 1340 1971 1374 15

210 1402 521 1467 quadrigarii
555 1429 618 1436 —
654 1403 727 1452 H:
765 1404 889 1452 haec
929 1402 1098 1452 omnia
1137 1402 1259 1452 teris
1299 1402 1567 1467 diligenter
1606 1403 1657 1450 et
1695 1401 1902 1451 adiectis

209 1477 397 1526 conditi
438 1478 557 1526 sext.
590 1477 668 1525 HI
705 1478 945 1541 tepefacis
994 1479 1044 1526 et
1090 1493 1180 1540 per
1219 1493 1374 1526 cornu
1419 1476 1627 1525 animali
1672 1476 1903 1526 faucibus

209 1551 377 1599 triduo
418 1550 582 1600 deicis.

96 1621 191 1667 465
320 1625 450 1673 Item
475 1625 576 1673 alia
599 1624 752 1688 potio,
807 1625 1062 1674 tracanthi
1088 1651 1172 1690 —‚
1199 1625 1329 1674 croci
1355 1641 1453 1687 scp.
1478 1624 1565 1689 VI,
1599 1625 1902 1687 opopanacis

210 1714 332 1761 scrp.
365 1698 467 1763 ΠΙ,
505 1699 727 1761 pulveris
768 1699 1079 1763 quadrigarii
1117 1701 1236 1748 sext.
1270 1699 1316 1764 Ι,
1357 1698 1544 1748 conditi
1583 1700 1702 1747 sext.
1735 1699 1795 1748 V.
1926 1711 1970 1744 20

96 1768 193 1814 466
319 1772 466 1821 Potio
493 1772 696 1822 aestiva.
745 1774 999 1822 tracanthi
1021 1799 1085 1807 —
1104 1773 1145 1838 Ι,
1170 1773 1301 1823 croci
1318 1789 1440 1835 scrp.
1458 1772 1523 1837 H,
1555 1772 1729 1835 butyri
1751 1798 1815 1807 —
1834 1772 1901 1837 ΙΙ,

209 1846 370 1909 adipis
426 1846 659 1908 caprinae
703 1873 766 1881 —
808 1848 934 1912 HH,
987 1848 1183 1897 tisanae
1240 1849 1360 1897 sext.
1399 1847 1444 1911 Ι,
1497 1861 1591 1896 ova
1621 1847 1682 1911 V,
1732 1845 1902 1895 defriti

206 1920 350 1984 hem,
392 1920 488 1969 olei
526 1920 706 1970 rosacii
743 1921 887 1986 hem,
928 1937 1073 1969 arum
1105 1921 1355 1971 Gallicum
1391 1936 1482 1983 pro
1522 1920 1692 1969 modo:
1734 1921 1902 1969 omnia

207 1993 358 2042 simul
394 1995 546 2043 tunsa
584 1994 851 2059 diligenter
887 1995 1144 2058 mixtaque
1191 2012 1281 2058 per
1325 1994 1552 2043 triduum
1598 2010 1753 2043 cornu
1790 1995 1900 2043 fau-

209 2067 346 2117 cibus
386 2067 630 2118 infundes.
1920 2080 1965 2113 25

96 2135 189 2182 467
320 2141 391 2190 Ut
429 2141 600 2190 album
638 2142 697 2190 de
738 2143 882 2191 oculo
921 2143 1085 2192 tollas.
1146 2143 1254 2191 vini
1285 2142 1485 2190 Aminei
1517 2142 1750 2191 cocliaria
1780 2142 1897 2207 HH,

205 2215 370 2264 mellis
402 2215 635 2264 cocliaria
669 2214 783 2279 [—]
817 2217 882 2280 ΙΙ,
914 2216 1205 2280 liquaminis
1235 2217 1371 2266 floris
1404 2217 1613 2266 cocliare
1637 2216 1684 2264 I:
1723 2217 1899 2266 misces

208 2288 356 2337 simul
395 2290 447 2337 et
484 2289 659 2338 deinde
700 2291 913 2340 secundo
961 2291 1025 2339 ad
1071 2291 1203 2339 diem
1252 2291 1311 2339 de
1358 2306 1524 2353 penna
1570 2290 1777 2355 inunge,
1824 2291 1899 2338 ita

205 2364 267 2410 ut
303 2362 466 2424 ipsam
512 2378 729 2425 pennam
774 2364 909 2412 intra
956 2365 1157 2413 oculum
1204 2367 1463 2429 torqueaS‚
1511 2364 1592 2413 vel
1636 2364 1786 2413 tertio
1835 2365 1898 2413 ad

208 2436 339 2485 diem
378 2436 580 2485 oculum
617 2436 920 2486 infriculato.
985 2437 1262 2487 certissima
1299 2439 1495 2486 medela
1533 2439 1621 2486 est.
1920 2448 1965 2480 30

97 2502 194 2549 468
321 2509 498 2558 Aliter.
560 2510 773 2558 fundum
812 2511 1084 2573 oenophori
1114 2511 1263 2560 vitrei
1294 2511 1347 2558 in
1377 2512 1635 2574 pulverem
1665 2510 1896 2561 mollissi-

328 2670 355 2709 2
387 2663 556 2722 pingui
578 2666 594 2722 ΙΙ
618 2669 644 2710 5
676 2665 881 2722 glutines
905 2667 921 2722 ll
945 2670 971 2710 6
1003 2665 1270 2724 gengiberis
1301 2670 1384 2710 aut
1414 2665 1671 2723 gingiberis
1695 2667 1711 2723 ΙΙ
1736 2671 1761 2711 7
1794 2681 1894 2711 cas-

214 2723 310 2769 siae
334 2726 349 2783 ΙΙ
373 2730 399 2769 9
431 2723 556 2769 foliis
584 2727 590 2781 Ι
619 2723 818 2770 dactilos
841 2727 857 2781 ΙΙ
883 2729 938 2769 10
968 2724 1066 2769 feni
1095 2725 1224 2781 greci
1248 2725 1264 2782 ΙΙ
1289 2729 1341 2769 11
1375 2725 1638 2781 magaricos
1662 2726 1677 2782 ΙΙ
1703 2729 1757 2769 12
1789 2726 1894 2782 hyr-

208 2782 303 2827 cini
340 2786 356 2841 ΙΙ
395 2787 450 2828 19
481 2783 684 2828 tracanti
726 2787 732 2840 Ι
780 2784 1069 2854 ypopanacis
1100 2786 1117 2841 ΙΙ
1153 2787 1210 2828 20
1242 2783 1412 2829 coditis
1450 2786 1466 2841 ΙΙ
1503 2788 1560 2828 23
1592 2783 1745 2829 rosaci
1782 2786 1797 2841 ΙΙ
1835 2789 1892 2829 29

206 2842 409 2946 11111τοί11
437 2847 495 2887 30
539 2841 808 2888 infriculato
852 2843 1039 2900 scripsi:
1084 2843 1356 2900 infrigolato
1389 2842 1436 2889 R
1485 2845 1490 2900 Ι
1541 2842 1744 2888 medella
1780 2844 1796 2900 ΙΙ
1836 2848 1889 2887 31

205 2914 321 2946 00110
344 2915 413 2947 on
