2060 3232
795 144 1195 198 -161—

278 271 371 317 183
403 273 461 317 H
484 277 567 318 176
614 275 916 330 Πελαγωνίου
955 273 1071 330 πρὸς
1107 274 1216 324 τοὺς
1257 273 1590 327 ἐξατονοῦντας
1628 282 1724 328 τοῖς
1762 277 1845 335 μέ-

158 334 297 376 λεσιν.
361 330 470 376 ἔσθ’
506 330 581 375 ὅτε
621 332 761 382 ἵππος
799 329 828 386 ἢ
870 331 1172 391 βουλιμιάσας
1209 329 1238 387 ἢ
1271 332 1504 388 ἁτονήσας
1543 336 1708 390 σχεδὸν
1741 337 1844 381 λύε-

156 406 236 433 ται
274 395 370 441 τοῖς
416 388 591 446 μέλεσι,
638 389 719 433 καὶ
767 388 856 434 εἰσὶ
897 389 1106 447 διάφορα
1145 390 1203 434 τὰ
1242 390 1401 447 πάθη,
1442 392 1559 436 ἀλλὰ
1588 393 1646 437 τὰ
1678 401 1843 452 σημεῖα

155 449 531 507 τῆςνᾶρρωστίας
575 448 842 500 πλειστάκις
892 448 1030 505 ὅμοια
1081 449 1361 507 τυγχάνουσι
1415 450 1496 494 καὶ
1541 456 1637 502 τοῖς
1681 454 1845 511 βουλο-

157 506 315 610 μλιᾶνοις
343 511 638 564 θεραπεῦσαι
678 506 861 564 πλάνην
900 505 1133 566 ἐγγενῶσι.
1196 508 1277 552 καὶ
1314 508 1403 567 γὰρ
1443 510 1716 567 εὑρίσκομεν
1749 516 1842 557 κτλ.

254 571 311 611 84
344 565 477 622 φνς’.

276 626 426 681 quod
491 626 546 670 et
609 626 772 683 nunc]
842 625 1007 683 supple
1066 627 1236 671 accidit
1293 626 1371 672 vel
1428 627 1581 673 simile
1634 629 1843 675 verbum.

159 683 473 728 Buechelerus
505 683 757 729 lectionem
790 687 1056 741 corruptam
1080 687 1244 742 putat,
1282 686 1624 730 restituendum
1654 689 1775 744 quod
1805 694 1847 734 et

160 757 286 787 ‘nunc
309 745 414 799 equi
443 744 658 798 membra,
682 742 749 787 sic
773 744 827 787 ut
850 744 971 800 quod
1000 743 1234 800 particula
1255 747 1393 800 regat
1415 745 1560 790 verba
1584 747 1843 802 sequentia.

156 802 215 846 H
231 801 569 858 interpretatur
590 801 680 845 ita:
710 799 805 845 ἔστι
826 801 878 846 δὲ
902 803 1044 846 πάλιν
1070 802 1434 847 ὀπισθοτονικοῢ
1458 804 1740 862 νομιζόμενα
1766 819 1843 861 ση-

156 865 279 917 μεῖα,
297 860 327 904 ἃ
351 861 596 920 συμβαίνει
628 857 826 911 ἐκείνοις
856 866 953 912 τοῖς
985 861 1145 916 ζοόοις,ι
1159 860 1299 905 ἅτινα
1330 862 1421 906 ὑπὸ
1446 866 1617 907 πολλοῦ
1642 863 1774 920 ἡλίου
1812 863 1840 920 ἢ

157 918 368 976 καμάτου
409 916 760 975 ἐξατονήσουσι,
794 925 958 975 στῆναι
998 919 1059 976 μὴ
1092 920 1355 977 δυνάμενα,
1389 921 1504 965 ἀλλὰ
1536 922 1847 980 συνημμένοις

157 977 224 1029 εἰς
268 978 408 1023 ταύτὸ
451 983 548 1029 τοῖς
584 978 695 1022 ποσὶ
740 979 1099 1023 καταπίπτουσι.
1158 978 1218 1035 μὴ
1267 981 1428 1024 τοίνυν
1467 982 1660 1040 νομίσῃς
1707 983 1846 1033 αὐτὸς

156 1037 306 1082 πόνον
347 1035 469 1081 εἶναι
509 1035 686 1088 κοιλίας
723 1034 752 1093 ἢ
798 1037 1000 1094 στρόφον
1043 1037 1124 1081 καὶ
1163 1037 1306 1089 οὕτως
1351 1039 1671 1099 θεραπεύσῃς,
1728 1041 1844 1085 ἀλλὰ

156 1100 219 1155 τῷ
250 1095 402 1140 πάθει
432 1099 605 1153 μᾶλλον
636 1095 722 1152 τὴν
754 1095 1046 1154 ἁρμόζουσαν
1077 1095 1358 1153 προσένεγκε
1389 1101 1669 1154 θεραπείαν.

277 1155 371 1200 184
404 1157 466 1199 M
489 1159 572 1199 147
606 1154 745 1217 ᾳρπζ’
781 1154 826 1199 εἰ
855 1151 906 1199 ἐν
936 1154 1073 1213 θέρει
1104 1157 1244 1206 ἰ”ππος
1274 1157 1485 1215 ἀηδισθῇ
1517 1157 1671 1214 periit.

274 1213 511 1258 herbam
555 1214 979 1273 Mercurialem]
1026 1214 1286 1268 λινόζωστις
1331 1215 1619 1260 Dioscoridis
1650 1217 1716 1261 IV
1743 1222 1843 1273 188,

158 1273 214 1320 cf.
239 1271 359 1317 Plin.
383 1272 515 1316 XXV
540 1277 596 1317 38
622 1286 717 1328 seq.
779 1272 1000 1317 laudatur
1028 1274 1125 1317 iam
1155 1287 1184 1316 a
1214 1273 1391 1319 Catone
1424 1274 1483 1318 de
1507 1274 1653 1332 agric.
1682 1279 1781 1331 158,
1803 1283 1841 1323 1.

279 1331 373 1376 185
413 1332 472 1376 H
499 1336 583 1376 177
633 1332 750 1388 πρὸς
783 1331 941 1376 ἐκεῖνα
977 1331 1036 1375 τὰ
1068 1334 1174 1388 ζῶα,
1215 1328 1280 1376 ὧν
1318 1332 1378 1376 τὰ
1415 1332 1527 1390 μέλη
1573 1329 1844 1388 ἐξατονοῠσι

156 1391 408 1448 θεραπεία.
455 1389 592 1448 ἤρεσε
638 1389 796 1450 Κέλσῳ
836 1394 930 1436 κτλ.
1004 1391 1065 1435 Μ
1097 1396 1156 1436 84
1188 1388 1312 1447 φνζ’.
1381 1392 1499 1448 Veg.
1525 1393 1564 1437 V
1588 1399 1666 1449 39,
1692 1399 1718 1438 2
1757 1408 1843 1439 nec

158 1448 341 1494 Celsum
386 1463 472 1494 nec
519 1449 708 1494 Florum
750 1451 998 1494 nominans
1048 1452 1096 1495 et
1139 1465 1225 1507 pro
1270 1450 1387 1494 ulmi
1445 1450 1571 1496 foliis
1618 1451 1842 1498 exhibens

156 1508 355 1553 farinam
386 1509 708 1554 hordeaceam.
773 1508 830 1553 cf.
858 1513 929 1554 30.

277 1566 587 1610 remedium
619 1567 946 1626 adseverat]
988 1567 1286 1612 adiciendum
1324 1567 1509 1614 videtur
1547 1571 1842 1616 certissimum

156 1627 211 1670 ut
242 1639 383 1683 supra
417 1630 500 1670 150
533 1628 582 1670 et
613 1625 811 1684 saepius.

278 1684 373 1729 186
403 1684 495 1730 187
544 1685 705 1730 H179
749 1685 958 1744 κράμβης
1004 1685 1156 1742 φύλλα
1203 1688 1295 1731 κτλ.
1372 1687 1540 1731 Μ109
1575 1686 1697 1746 ψρδ’
1757 1683 1841 1732 ἐὰν

159 1745 299 1794 ἵππος
324 1747 615 1802 καυματωθῇ
633 1745 682 1789 et
703 1743 819 1802 oepqe'
848 1742 1022 1801 ὅμοιον.
1064 1745 1390 1802 πετροσελίνου
1410 1748 1503 1789 κτλ.
1524 1746 1638 1802 Veg.
1658 1746 1781 1803 V39,
1802 1753 1840 1791 1.

162 1804 220 1846 de
253 1802 580 1847 emendatione
611 1816 706 1847 non
738 1805 935 1848 constat.
982 1802 1084 1848 PH
1107 1805 1434 1862 πετροσελίνου
1460 1802 1640 1862 σπέρμα
1670 1804 1841 1850 omisso

156 1861 384 1918 hormino,
418 1860 549 1906 cuius
582 1861 784 1919 vestigia
805 1862 855 1906 in
876 1862 1059 1918 Vegetii
1089 1861 1223 1906 libris
1254 1877 1349 1908 non
1380 1864 1562 1908 desunt.
1606 1863 1724 1909 item
1753 1866 1842 1910 alis

156 1921 356 1978 vestigia
401 1920 452 1964 in
495 1919 764 1966 Corbeiensi
810 1920 1242 1978 deprehenduntur:
1292 1923 1426 1966 alisci
1461 1924 1690 1968 ‘acanthus
1728 1924 1773 1967 h.
1799 1938 1838 1969 e.

161 1981 228 2024 ali
258 1981 333 2038 (=
366 1981 469 2037 alii)
499 1980 875 2026 schoenua‘nthus.
922 1979 1151 2037 interpres
1182 1982 1292 2037 post
1322 1980 1581 2040 ἀβροτόνου
1604 1981 1739 2038 ponit
1761 1982 1844 2026 καὶ

158 2040 361 2095 σχοίνου.
393 2053 477 2096 pro
509 2040 598 2084 alis
627 2038 774 2096 igitur
805 2039 1058 2095 legendum
1088 2038 1276 2084 videtur
1306 2041 1395 2084 alii
1433 2041 1510 2085 vel
1540 2042 1621 2096 ali,
1653 2041 1709 2086 de
1733 2041 1842 2085 alis-

158 2100 282 2142 mate
313 2111 408 2142 non
439 2097 700 2155 cogitarim.

277 2157 373 2201 188
391 2157 446 2200 Η
461 2162 544 2201 183
562 2156 685 2201 ἄλλο.
716 2154 822 2200 ἔσθ’
851 2154 926 2200 ὅτε
945 2157 1080 2200 ἰ”πποι
1107 2156 1167 2213 μὴ
1195 2154 1417 2213 φέροντες
1441 2157 1521 2201 τὸν
1545 2158 1678 2214 λιμὸν
1699 2174 1843 2201 κατα·
1920 2168 1922 2171 ’

158 2217 409 2260 πίπτουσιν
440 2218 533 2259 κτλ.
594 2214 789 2271 Apsyrti
817 2217 963 2259 verba
992 2215 1213 2272 leguntur
1245 2217 1302 2259 H
1330 2219 1413 2259 182
1445 2220 1507 2274 τῷ
1548 2217 1845 2275 βουλιμιῶντι

159 2276 240 2318 δεῖ
265 2275 462 2333 βοηθεῖν
494 2273 656 2324 οὕτως·
690 2274 834 2331 ἄρτου
863 2274 916 2318 τὸ
955 2273 1137 2318 ἁπαλὸν
1178 2272 1488 2333 ἐμβρέξαντας
1524 2271 1576 2319 ἐν
1617 2276 1728 2334 οἴνῳ
1760 2275 1843 2319 καὶ

160 2333 513 2390 ἀνατρίψαντας
553 2328 869 2390 ἔγχυματίζειν
908 2332 989 2376 διὰ
1027 2339 1108 2377 τοῦ
1149 2332 1383 2390 στόματος.
1455 2334 1536 2377 καὶ
1581 2341 1716 2378 τοῦτο
1757 2334 1842 2391 μὲν

161 2391 238 2435 ἐπὶ
279 2397 360 2448 τῆς
398 2391 525 2435 ὁδοῦ.
573 2390 684 2435 ὅταν
732 2391 783 2436 δὲ
829 2390 1021 2448 γένηται
1064 2388 1115 2436 ἐν
1148 2393 1274 2451 οἰκῳ,
1314 2392 1592 2449 σεμιδάλεως
1630 2391 1845 2444 κυάθους

158 2455 280 2507 τρεῖς
319 2450 620 2508 φυράσαντας
662 2450 742 2495 καὶ
781 2450 966 2501 διέντας
1012 2446 1062 2495 ἒν
1109 2452 1220 2510 οἴνῳ
1266 2450 1481 2502 ὡσαύτως
1528 2451 1843 2509 ἐγχυματίζειν

158 2507 187 2564 ἢ
221 2510 486 2568 στροβίλους
523 2512 748 2567 καθαρῶς
785 2512 1043 2567 τρίψαντας
1082 2509 1196 2566 μετὰ
1236 2511 1366 2555 οἴνου
1407 2511 1597 2555 διδόναι
1635 2514 1710 2567 (ex
1753 2511 1842 2555 hoc

159 2568 359 2613 Hierocl.
378 2567 512 2623 ibid).
554 2570 617 2612 M
638 2573 694 2614 86
721 2569 833 2626 φξς’
867 2568 983 2627 πρὸς
1007 2568 1227 2628 βούλιμον
1251 2571 1349 2613 sine
1373 2569 1617 2625 Pelagonii
1640 2570 1841 2614 nomine.

162 2626 288 2683 quod
312 2627 438 2684 apud.
461 2626 578 2684 Veg.
602 2628 644 2672 V
662 2632 718 2673 37
743 2628 943 2673 traditur
965 2629 1168 2673 heminas
1190 2628 1333 2672 fuisse
1357 2627 1543 2672 videtur
1566 2629 1789 2672 heminam
1806 2641 1841 2673 s.

161 2686 207 2730 h.
233 2699 271 2729 e.
304 2686 498 2742 cyathos
523 2686 604 2743 III,
635 2687 689 2730 ut
720 2701 775 2732 ex
809 2687 1015 2732 omnium
1048 2701 1269 2732 consensu
1300 2685 1597 2731 Riccardiani
1620 2699 1839 2730 numerus

161 2743 460 2800 corrigendus
492 2746 566 2789 sit.
1869 2752 1872 2755 '

283 2803 546 2862 simulas]
593 2804 663 2849 ita
711 2817 892 2861 semper
930 2805 976 2849 R
1013 2817 1098 2861 pro
1137 2805 1302 2849 simila.
1358 2803 1492 2848 nobis
1531 2804 1604 2847 est
1643 2802 1845 2858 Semmel,

162 2860 295 2906 Italis
326 2863 506 2918 semola,
535 2862 854 2920 Francogallis
886 2865 1089 2909 semoule.
1152 2863 1210 2908 cf.
1243 2863 1477 2908 Luebbert
1506 2862 1556 2905 in
1580 2861 1843 2906 Woelfflini

163 2919 362 2965 Archivo
386 2919 450 2963 111
474 2936 518 2977 p.
544 2925 641 2966 545.

251 3002 345 3044 ΙΗΜ,
367 3002 608 3042 Pelagonius.
1433 2999 1486 3037 11
