2060 3232
99 257 267 303 aestus
306 255 461 303 fuerit
504 270 704 319 passuS,
755 269 907 317 posca
952 270 1067 303 cum
1112 253 1281 316 puleio
1329 270 1472 302 nares
1519 258 1570 304 et
1614 256 1794 305 faciem

97 329 266 378 foveto
320 331 372 377 et
425 344 520 377 ova
568 329 668 376 tria
718 344 834 377 cum
882 327 999 377 vino
1048 327 1281 376 faucibus
1332 327 1598 377 infundito.
1677 332 1794 378 ante

99 402 266 450 omnia
297 417 415 450 sane
446 417 594 451 curae
625 402 720 450 tibi
759 402 838 466 sit,
876 404 937 449 ut
975 402 1260 450 stabuletur
1290 401 1418 450 sicco
1450 402 1581 465 loco;
1620 419 1793 453 umore

99 476 232 524 enim
283 476 576 524 madescunt
627 476 871 540 ungulae,
927 475 1063 538 quod
1115 475 1262 524 facile
1312 475 1554 540 vitamus,
1610 476 1653 523 si
1703 480 1794 525 aut

53 562 76 596 5
99 549 300 598 stabula
343 549 563 598 roboreis
611 549 788 598 axibus
834 551 1089 599 constrata
1136 552 1227 598 aut
1272 549 1540 614 diligenter
1585 550 1793 599 subinde

97 624 342 672 mundata
379 624 582 672 fuerint.

207 697 337 745 Item
375 697 419 746 si
457 698 617 747 omnis
649 697 913 762 diligentia
946 697 1171 746 adhibita
1199 696 1356 746 fuerit
1391 699 1442 745 et
1472 697 1663 746 cibaria
1693 699 1790 746 lar-
1807 703 1868 748 31

96 771 303 835 gissima
342 771 665 834 suppeditent
703 774 755 820 et
793 771 1117 820 nihilominus
1169 771 1474 819 adtenuatus
1514 771 1581 819 sit
1619 787 1792 835 equus.

98 845 252 893 etiam
299 845 394 894 hoc
444 845 567 894 scire
618 847 668 893 te
719 845 971 909 convenit,
1024 845 1160 907 quod
1208 845 1498 908 frequenter
1542 845 1661 908 equi
1705 863 1796 908 per

30 933 74 965 ιο
97 921 294 968 noctem
321 919 486 968 Fatuo
523 919 693 968 ficario
731 921 991 982 vexantur,
1030 919 1163 967 unde
1203 920 1254 967 et
1293 919 1461 968 dolore
1500 919 1794 982 turpissimo

98 993 274 1041 afflicti
319 995 371 1042 et
407 993 696 1055 frequenter
732 993 1004 1056 inquietati
1042 993 1396 1041 adtenuantur.
1474 993 1557 1041 cui
1595 1008 1794 1042 succur-

95 1067 306 1115 rendum
343 1067 436 1116 hoc
474 1067 621 1116 modo
662 1066 921 1116 Cornelius
958 1066 1131 1115 Celsus
1170 1067 1325 1131 iubet,
1363 1068 1425 1115 ut
1464 1082 1577 1116 ossa
1615 1067 1795 1116 canina

97 1141 358 1190 combusta
396 1142 447 1189 et
485 1143 695 1189 contusa
745 1157 859 1190 cum
899 1141 1119 1205 axungia
1156 1141 1314 1190 veteri
1364 1141 1633 1190 commixta
1671 1142 1794 1191 offas

96 1214 313 1278 impares
352 1230 468 1263 cum
503 1215 621 1264 vino
661 1215 891 1264 faucibus
930 1215 1104 1263 mittas
1144 1215 1317 1263 diebus
1358 1216 1483 1278 octo,
1525 1218 1575 1263 et
1611 1216 1792 1280 locum,

32 1299 75 1333 15
96 1289 150 1337 in
189 1305 289 1351 quo
329 1291 462 1353 sunt,
503 1289 757 1353 sulphure,
796 1289 913 1338 vino
955 1291 1006 1337 et
1044 1288 1342 1338 carbonibus
1381 1288 1626 1351 purifices.
1698 1289 1794 1338 erit

24 1387 29 1392 ·
98 1363 320 1412 salutare
358 1363 646 1411 remedium.

207 1436 338 1485 Item
389 1436 528 1499 potio
588 1437 993 1500 incomparabilis
1048 1435 1369 1485 Columellae.
1461 1437 1646 1485 macies
1701 1439 1792 1485 aut
1807 1440 1870 1486 32

97 1511 315 1575 languor
363 1511 688 1560 submovetur
737 1511 936 1573 saepius
986 1510 1107 1558 data
1155 1510 1380 1574 potione,
1437 1526 1565 1573 quae
1616 1511 1796 1573 recipit

99 1584 405 1633 semunciam
443 1584 698 1647 sulphuris
735 1601 985 1647 ovumque
1024 1584 1235 1633 crudum
1274 1585 1326 1632 et
1362 1600 1560 1632 murrae
1598 1585 1795 1647 pondus

32 1670 77 1703 20
100 1658 302 1707 denarii.
380 1659 502 1707 haec
540 1658 664 1707 trita
701 1658 819 1707 vino
868 1659 1207 1708 admiscentur
1252 1660 1405 1721 atque
1451 1658 1526 1706 ita
1563 1658 1795 1708 faucibus

98 1733 447 1780 infunduntur.
526 1733 611 1781 sed
658 1735 709 1781 et
753 1733 883 1780 tussi
934 1735 984 1781 et
1029 1732 1190 1781 dolori
1235 1732 1423 1780 ventris
1474 1732 1647 1781 eadem
1697 1733 1796 1781 ista

96 1806 372 1855 medentur.

698 1969 787 2017 ΠΙ.
827 1969 875 2016 A
884 1969 915 2017 d
952 1969 978 2016 f
983 1986 1008 2018 e
1018 1969 1049 2017 b
1058 1986 1084 2016 r
1092 1985 1117 2017 e
1127 1986 1190 2017 m.

476 2071 904 2121 PELAGONIVS
943 2071 1239 2121 ARZYGIO
1281 2071 1406 2120 SVO

31 2188 74 2221 25
208 2175 562 2224 Febricitantis
594 2176 738 2239 signa
770 2177 890 2223 sunt
920 2178 1074 2238 caput
1104 2176 1157 2223 in
1187 2178 1375 2223 terram
1406 2175 1676 2224 demissum
1706 2191 1795 2225 nec
1811 2178 1875 2224 33

99 2251 292 2299 elevare
332 2250 486 2297 altius
519 2249 732 2298 cervices
764 2249 963 2314 poterit,
1004 2249 1137 2298 oculi
1169 2251 1318 2297 erunt
1349 2249 1610 2312 aliquanto
1642 2249 1794 2298 tumi-

97 2324 259 2373 diores
299 2325 350 2372 et
386 2323 529 2371 labra
567 2323 780 2386 laxiora3
819 2325 940 2372 tunc
973 2323 1144 2372 crebra
1183 2323 1412 2388 suspiria,
1452 2325 1646 2372 tractus
1683 2323 1793 2372 ilio—

95 2415 210 2446 rum
263 2413 440 2462 graves
494 2399 546 2445 et
596 2397 748 2445 flatus
799 2397 961 2446 calidi.
1039 2397 1271 2446 similiter
1320 2399 1371 2446 et
1421 2413 1563 2446 omne
1614 2413 1795 2460 corpus

98 2472 338 2536 calidum,
388 2471 602 2519 testibus
654 2471 808 2520 etiam
857 2471 1151 2536 laxioribus,
1206 2487 1296 2520 nec
1346 2488 1446 2520 non
1497 2487 1643 2520 crura
1691 2474 1794 2519 tar·

220 2632 243 2672 1
277 2640 420 2684 pasca.
451 2628 520 2684 (in
550 2641 695 2684 mary.
727 2641 870 2672 manu
902 2627 1134 2673 Polatiam'
1161 2628 1324 2685 posca)
1354 2629 1370 2684 ΙΙ
1401 2631 1428 2670 3
1461 2640 1600 2671 sanae
1624 2628 1690 2685 115
1721 2640 1791 2670 ro-

98 2686 253 2731 boreis
294 2689 302 2743 Ι
344 2688 615 2731 constructa
651 2690 668 2744 Ι]
707 2692 731 2732 7
765 2686 942 2731 fuerint
979 2688 994 2744 ss
1036 2691 1087 2730 11
1121 2685 1384 2753 inquietate
1418 2686 1434 2742 ΙΙ
1471 2690 1526 2729 14
1555 2685 1741 2741 inpares
1778 2686 1796 2743 Η

100 2749 154 2788 18
196 2747 512 2790 summovetur
548 2748 564 2804 ΙΙ
605 2751 658 2790 19
699 2746 940 2790 semuncia
976 2748 992 2801 ΙΙ
1027 2751 1084 2790 20
1123 2743 1287 2790 denari
1327 2746 1335 2801 Ι
1375 2745 1511 2803 trita]
1552 2743 1646 2789 tria
1675 2744 1721 2787 R
1752 2749 1795 2789 et

91 2817 210 2860 pars
248 2805 375 2849 codd.
411 2804 583 2849 Colum.
623 2806 638 2861 ΙΙ
677 2809 747 2849 23.
774 2809 832 2848 24
875 2807 1054 2850 inverso
1094 2805 1255 2850 ordine
1293 2805 1345 2848 in
1383 2805 1478 2848 cod.
1519 2804 1734 2860 leyuntur
1776 2802 1794 2862 Η

98 2868 156 2907 24
186 2861 434 2907 ARZIGIO
474 2865 490 2921 ΙΙ
527 2868 582 2908 25
617 2863 862 2908 dimissum
900 2866 916 2920 ΙΙ
953 2869 1007 2908 27
1043 2862 1230 2909 illorum
1263 2863 1420 2920 grauis
1451 2865 1467 2920 Ι]
1497 2866 1554 2907 28
1586 2861 1747 2907 callidi
1776 2863 1792 2921 {⁸

99 2927 155 2966 29
189 2922 410 2966 callidum
437 2925 445 2980 Ι
472 2922 747 2981 laxioribus]
777 2922 928 2968 laxior
957 2922 1025 2967 ibi
