2060 3232
840 146 1236 200 —107—

199 284 386 348 piperis
404 299 534 348 sem.,
559 298 931 348 crocomagmae
956 309 1018 317 —
1038 283 1102 348 H,
1127 283 1394 348 gentianae
1413 307 1478 317 -
1504 285 1572 349 Π,
1598 286 1708 335 folii
1738 312 1799 320 -—
1821 287 1886 351 H,

199 359 287 407 iris
324 357 556 422 Illyricae
593 384 655 391 —
690 357 788 422 IH,
828 357 1033 419 hyssopi
1070 383 1165 422 —,
1203 357 1509 406 malabathri
1552 384 1614 392 —
1651 358 1729 424 Π,
1773 375 1887 410 cen-

197 434 402 481 taureae
442 457 528 495 ——-,
568 431 694 480 costi
723 457 789 465 --
826 431 892 494 II,
932 431 1144 494 styracis
1177 458 1247 465 —
1279 431 1344 496 H,
1385 432 1566 481 scordii
1599 459 1668 467 —
1700 434 1764 498 H,
1806 435 1888 483 sili

197 505 395 555 Pontici
428 532 495 539 —
527 505 591 553 H.

148 593 174 626 5
308 578 454 628 Potio
479 578 721 628 hiemalis.
761 578 815 626 in
852 594 954 628 uno
995 578 1171 641 capite.
1236 579 1380 644 croci,
1420 580 1559 645 costi,
1598 582 1888 644 petroselini
1903 583 1999 630 370

197 652 524 718 Macedonici,
572 669 791 717 murrae,
841 652 970 702 turis
1010 653 1241 717 masculi,
1288 654 1560 719 tracanthi,
1608 654 1886 720 trixaginiS,

197 727 495 792 vettonicae,
521 727 709 776 cumini
734 726 1076 791 Alexandrini,
1119 727 1250 777 croci
1279 743 1507 792 mannae,
1536 728 1723 791 piperis
1742 724 1888 794 <—>

197 801 424 866 singulas
449 801 662 866 singulis
687 800 950 865 capitibuS,
974 801 1091 850 vino
1116 802 1167 849 et
1191 802 1300 850 oleo
1326 802 1460 864 quod
1484 802 1671 851 sufficit
1687 803 1890 853 adiunc-

196 875 263 924 tis
295 875 402 925 ovis
439 875 705 938 permisces
745 891 860 923 cum
898 890 1016 923 suco
1055 875 1270 938 tisanae;
1311 876 1544 940 adiungis
1583 877 1737 925 etiam
1781 879 1889 940 pal-

127 965 172 997 10
195 950 359 998 mulas
398 950 549 1013 XXV,
596 949 777 998 bulbos
815 948 967 1013 XXV,
1016 948 1204 998 caricas
1235 949 1386 1014 XXV,
1434 950 1663 1012 caprinos
1703 951 1888 1017 adipeS,

194 1025 421 1072 catulum
450 1023 664 1087 brevem,
697 1039 847 1086 quem
877 1023 1216 1072 madefactum
1247 1040 1307 1072 ex
1331 1039 1465 1087 aqua
1497 1026 1548 1073 et
1577 1026 1889 1087 percolatum

193 1098 462 1162 diligenter
499 1097 851 1160 suprascriptis
891 1097 1146 1161 adiungis,
1187 1097 1358 1147 addito
1399 1098 1496 1146 olei
1529 1099 1663 1160 quod
1702 1100 1888 1149 sufficit

192 1174 244 1221 et
283 1172 450 1221 omnia
488 1187 661 1220 rursus
699 1171 949 1234 permixta
979 1171 1246 1236 diligenter
1276 1188 1366 1234 per
1397 1187 1554 1221 cornu
1586 1173 1887 1223 animalibus

191 1246 436 1295 infundes.

127 1333 170 1367 15
305 1320 451 1369 Potio
494 1320 698 1369 aestiva.
750 1319 803 1368 in
843 1318 1091 1382 capitibus
1132 1322 1387 1382 quattuor.
1440 1321 1692 1370 tracanthi
1721 1349 1782 1356 -„
1818 1323 1883 1386 H,
1900 1320 1995 1367 371

56 1389 62 1395 ’
193 1410 567 1459 crocomagmae
599 1421 678 1460 ,-
728 1394 800 1458 H,
857 1393 1087 1442 abrotoni
1128 1420 1197 1427 —
1236 1394 1309 1458 H,
1366 1394 1670 1444 cardamomi
1714 1422 1775 1429 —
1819 1397 1884 1461 H,

191 1468 380 1533 glaucii
412 1495 481 1502 -
507 1469 572 1532 H,
611 1467 903 1531 petroselini
926 1493 997 1502 —
1028 1467 1094 1531 II,
1135 1467 1399 1532 zingiberis
1432 1487 1525 1517 —:
1563 1469 1687 1518 haec
1718 1470 1885 1519 omnia

190 1543 438 1606 permixta
490 1545 659 1592 rosato
714 1558 804 1605 per
856 1557 1012 1591 cornu
1061 1541 1214 1590 dabis
1287 1542 1428 1591 addis
1482 1542 1637 1591 etiam
1680 1560 1886 1606 porrum

192 1617 460 1682 sectivum,
514 1617 774 1680 porclacae
825 1617 959 1679 quod
1015 1614 1220 1681 sufficit,
1270 1632 1414 1664 arum
1461 1616 1740 1683 Gallicum,
1791 1634 1885 1667 ova

124 1706 169 1739 20
195 1693 449 1755 quattuor,
483 1691 668 1755 apium,
702 1690 799 1740 olei
831 1690 966 1753 quod
998 1689 1197 1755 sufficit,
1229 1706 1354 1739 uvas
1378 1706 1551 1753 passas
1576 1693 1884 1741 enucleatas:

191 1765 492 1828 temperabis
531 1765 681 1813 simul
720 1767 771 1813 et
808 1764 962 1813 dabis.

305 1838 471 1902 [Potio
512 1839 652 1902 equis
702 1839 1000 1888 intrinsecus
1046 1838 1392 1888 laborantibus
1440 1840 1530 1887 aut
1577 1839 1665 1902 qui
1710 1839 1881 1888 morbo
1900 1837 1996 1883 372

191 1915 518 1977 temptantur.
561 1916 612 1962 et
650 1913 688 1961 ii
728 1913 817 1976 qui
848 1913 1002 1962 siccas
1034 1928 1180 1961 nares
1220 1912 1420 1976 habent,
1459 1913 1606 1962 facile
1646 1916 1887 1962 curantur

190 1988 285 2037 hac
322 1988 540 2051 potione.
604 1987 799 2036 tisanae
839 2003 1029 2051 sucum,
1070 1987 1242 2036 defriti
1282 1989 1410 2050 cyat.
1443 1987 1495 2035 II
1532 2003 1622 2050 per
1659 1987 1886 2035 triduum

125 2075 168 2108 25
193 2062 355 2125 dabis3
394 2064 569 2125 postea
608 2062 864 2111 decoctam
902 2058 1091 2126 <facies
1131 2058 1260 2123 sic>=
1299 2061 1506 2124 hyssopi
1544 2087 1610 2094 —
1645 2061 1736 2126 III,
1776 2062 1884 2124 pal-

189 2137 354 2185 mulas
378 2137 483 2201 XX,
514 2138 659 2185 rutae
684 2136 858 2186 viridis
882 2136 1149 2185 fasciculos
1180 2135 1245 2199 II,
1278 2135 1424 2183 fabae
1457 2137 1508 2183 et
1538 2135 1676 2183 faeni
1709 2135 1887 2184 Graeci

191 2213 319 2274 cyat.
351 2211 446 2273 VI3
486 2210 720 2260 universa
759 2225 873 2258 cum
905 2226 1038 2272 aqua
1069 2209 1272 2258 caelesti
1302 2209 1521 2271 decoque
1553 2211 1604 2257 et
1633 2209 1886 2271 tepefacta

191 2283 368 2347 dabis]

301 2358 447 2407 Potio
495 2358 630 2407 omni
683 2360 905 2420 tempore
959 2357 1159 2405 faciens.
1230 2356 1283 2404 in
1345 2356 1557 2420 singulis
1620 2357 1882 2419 capitibus.
1901 2353 1996 2398 373

123 2445 168 2478 30
192 2432 318 2482 costi
354 2459 441 2496 —,
482 2432 695 2482 meliloti
731 2461 819 2497 —,
858 2431 1063 2495 hyssopi
1110 2430 1228 2480 sicci
1259 2457 1352 2494 —,
1392 2430 1479 2478 iris
1525 2430 1757 2493 Illyricae
1797 2458 1883 2495 —,

313 2609 336 2647 1
370 2617 723 2674 crocomagmae
756 2628 811 2636 —
842 2603 908 2662 II]
941 2602 1064 2648 croci
1110 2602 1329 2659 dragmas
1360 2603 1403 2646 II
1438 2603 1485 2647 R
1554 2601 1883 2659 κροκομάγμα-

190 2679 269 2714 τος
299 2670 356 2720 γὸ·
389 2660 437 2722 β’
470 2663 571 2708 ΗΡ
587 2664 603 2720 [Ι
627 2666 653 2706 2
678 2662 877 2707 illiricae
905 2668 912 2717 Ι
938 2661 1075 2718 ysopi
1100 2662 1108 2715 1
1135 2661 1392 2707 malabatri
1418 2664 1423 2717 Ι
1452 2662 1672 2720 centaure
1696 2663 1711 2718 ΙΙ
1736 2667 1762 2705 3
1787 2663 1882 2706 sto-

191 2722 312 2766 racis
339 2724 348 2779 Ι
375 2723 618 2767 scordeum
644 2724 652 2778 Ι
680 2721 758 2766 sili
787 2720 970 2779 pontici
999 2721 1046 2766 R
1100 2718 1269 2772 ἅλατος
1299 2726 1525 2765 ποντικοῦ
1557 2721 1656 2764 ΗΡ
1672 2723 1688 2776 ss
1711 2724 1738 2763 5
1770 2721 1882 2776 hye-

192 2780 332 2825 malis
362 2782 378 2838 11
410 2785 436 2825 6
476 2781 784 2826 macedomici
817 2782 824 2837 1
861 2778 1116 2836 fraxaginis
1140 2782 1154 2838 ΙΙ
1180 2786 1204 2825 7
1246 2793 1467 2824 mannam
1491 2780 1506 2836 ΙΙ
1531 2783 1556 2824 8
1597 2779 1764 2836 capitis
1788 2780 1804 2836 ΙΙ
1829 2783 1883 2824 15

194 2839 347 2885 cstiua
381 2841 398 2898 ΙΙ
435 2844 490 2885 16
530 2839 882 2908 crocidragmas
910 2865 963 2872 —
1003 2840 1047 2883 II
1077 2840 1085 2896 Ι
1112 2839 1383 2884 cardamoni
1422 2840 1436 2895 ΙΙ
1478 2843 1531 2882 17
1579 2838 1736 2895 glauci
1773 2841 1788 2895 ΙΙ
1826 2843 1882 2882 22

193 2900 252 2954 cf.
286 2902 378 2944 396
400 2900 416 2955 ΙΙ
440 2903 497 2943 24
527 2898 614 2944 hec
636 2901 653 2955 ΙΙ
675 2903 732 2966 ,²5
763 2898 886 2957 isopi
909 2900 1004 2956 1126
1037 2896 1166 2956 greci
1189 2900 1204 2955 ΙΙ
1227 2903 1281 2943 27
1317 2898 1442 2955 cum]
1476 2911 1534 2942 cu
1565 2897 1614 2941 in
1637 2899 1652 2955 ΙΙ
1683 2901 1740 2942 30
1771 2898 1887 2942 mel-

194 2957 319 3004 liloti
344 2960 351 3015 Ι
379 2957 514 3015 ysopi
541 2957 547 3016 Ι
575 2956 644 3002 ill
631 2956 745 3018 irice
