2060 3232
795 127 1198 182 —145-

150 256 292 312 σήσας
322 258 403 302 καὶ
436 252 486 302 ἐν
519 252 590 302 ἑνὶ
620 258 791 317 ἀγγείῳ
822 257 978 302 πάντα
1012 260 1236 316 συμμίξας
1259 260 1578 316 προαπάντλει
1608 261 1690 312 τὰς
1715 263 1839 319 ὠμο·

149 316 326 368 πλάτας
362 320 524 376 θερμῷ
562 315 700 361 ὕδατι
737 315 819 360 καὶ
858 313 910 361 ἐν
949 317 1061 378 ἡλίῳ
1111 323 1210 375 χρῖε
1249 318 1394 378 τούτῳ
1442 324 1504 378 τῷ
1552 320 1835 379 βοηθήματι.

149 375 318 432 quibus
350 375 678 420 adiuvantibus
709 375 826 420 haec
857 375 954 421 fere
987 377 1240 434 Pelagonio
1272 377 1564 422 restituenda
1594 379 1831 424 videntur:

151 436 316 480 cotidie
345 439 539 479 tractam
570 435 808 490 imponito,
841 441 946 480 ante
977 440 1129 480 tamen
1157 437 1266 481 vino
1300 450 1423 493 puro
1463 451 1640 482 armum
1682 440 1835 484 lavato

151 495 315 550 (foveto
345 493 407 548 R,
453 493 830 550 προαποπλύνων
863 495 929 550 H,
967 496 1119 541 lavato
1151 494 1300 552 Veg.).
1370 496 1478 541 inde
1514 498 1841 555 synchrismate

149 557 333 598 cwretur
363 551 457 607 (vel
487 554 668 608 uteris):
702 555 839 599 bacae
870 555 996 599 lauri
1025 555 1252 610 selibram,
1282 556 1368 599 olei
1396 557 1650 601 sextarium
1683 557 1833 612 (οἴνου

150 615 353 655 παλαιοῦ
393 613 553 670 λίτραν
592 613 704 669 μιάν
736 613 831 670 Η),
876 615 1052 658 nitrum
1090 615 1267 671 (νίτρου
1306 614 1358 658 τὸ
1398 614 1576 671 ἀρκοῦν
1608 615 1682 669 H,
1721 616 1839 660 nitri

149 672 315 716 vincias
345 672 452 714 III
486 670 643 728 Veg.),
689 673 864 717 nitrum
911 678 1061 717 autem
1106 677 1148 718 et
1195 675 1331 718 bacas
1369 675 1638 719 contundite
1670 688 1709 717 e.
1735 689 1776 730 q.
1804 689 1839 720 s,

153 743 275 784 quae
309 732 527 774 secuntur
556 730 781 787 Vegetius
813 731 883 775 ita
915 731 1124 776 exhibet:
1158 734 1278 790 quod
1307 734 1350 777 si
1379 734 1554 778 eiecerit
1577 734 1715 779 iuccta
1737 747 1842 778 con-

149 790 434 834 suetudinem
467 790 529 834 ad
557 795 706 834 rotam
737 804 916 835 armum
952 792 1158 847 reponito
1199 797 1239 836 et
1276 794 1606 848 suprascriptis
1643 793 1842 837 medica-

152 849 354 893 minibus
385 854 560 905 curato,
583 849 642 893 H
661 847 706 892 εἰ
733 848 786 893 δὲ
818 848 847 905 ἡ
881 849 1127 906 ὠμοπλάτη
1162 845 1430 909 ἐκβληθείη,
1465 850 1662 908 εἰσάγων
1695 851 1843 908 αὐτὴν

154 912 209 964 τῇ
243 908 360 965 αὐτῇ
391 909 630 969 θεραπείᾳ
659 907 821 967 χρήσῃ.
873 911 954 953 aut
983 909 1039 952 ut
1061 923 1203 965 supra
1228 910 1333 965 feci,
1366 910 1474 954 unci
1505 910 1711 967 ponendi
1735 915 1844 955 sunt

153 968 237 1011 aut
267 968 468 1023 cogitari
498 972 694 1024 possunt
723 967 861 1012 talia:
894 973 936 1012 et
964 969 1007 1012 si
1040 969 1184 1023 fuerit
1207 983 1452 1025 percussus
1477 975 1559 1014 aut
1590 971 1766 1015 eiecerit
1790 984 1847 1014 ea:

154 1039 275 1070 more
306 1027 368 1071 ad
397 1031 545 1071 rotam
576 1040 754 1071 armum
784 1028 990 1084 reponito
1023 1027 1100 1083 (cf.
1126 1028 1240 1085 Veg.
1267 1028 1333 1071 111
1357 1032 1436 1083 45,
1463 1033 1489 1072 8
1528 1030 1605 1074 sed
1636 1030 1844 1074 convenit

154 1086 324 1142 inspici
363 1086 606 1142 diliyenter
636 1090 793 1131 utrum
823 1100 878 1130 ea:
918 1100 1194 1142 percussura
1223 1088 1292 1132 vel
1323 1101 1433 1132 casu
1464 1089 1658 1145 coeperit
1688 1102 1845 1144 causa,

157 1149 199 1188 et
252 1145 295 1188 si
339 1159 394 1189 eoe
429 1159 709 1201 percussura
752 1147 916 1201 fuerit,
957 1147 1096 1203 prius
1142 1147 1249 1191 locis
1294 1149 1392 1192 suis
1433 1149 1694 1204 reponenda
1739 1153 1848 1192 sunt

154 1204 351 1249 membra
382 1208 423 1248 et
452 1205 518 1249 sic
548 1205 727 1261 reliqua
756 1205 1003 1261 facienda).

276 1262 339 1307 45
372 1263 429 1307 H
448 1268 503 1307 89
536 1262 646 1307 ἄλλο
679 1261 745 1314 εἰς
775 1264 826 1307 τὸ
859 1264 972 1308 αὐτὸ
997 1263 1156 1314 πάθος
1186 1264 1330 1308 καλὸν
1362 1265 1442 1308 καὶ
1469 1265 1661 1310 ἁπλοῦν.
1696 1265 1847 1322 ἀφρό-

157 1338 316 1378 νιτρον
348 1325 441 1366 κτλ.
475 1323 538 1366 Μ
556 1327 611 1366 36
645 1323 756 1380 ρπη’
792 1322 902 1367 ἄλλο
939 1323 1056 1380 πρὸς
1086 1322 1235 1367 πόνον
1275 1324 1558 1380 ὠμοπλατῶν
1591 1325 1735 1369 καλὸν
1767 1325 1849 1368 καὶ

156 1380 492 1425 ἁπλούστατον.

278 1441 341 1485 46
373 1441 430 1485 Η
450 1446 506 1485 90
539 1440 662 1485 ἄλλο.
711 1440 893 1485 κόκκων
911 1441 1097 1498 δάφνης
1121 1443 1280 1499 λίτραν
1299 1444 1411 1499 μίαν
1435 1446 1528 1486 κτλ.
1570 1443 1631 1487 Μ
1643 1448 1698 1486 36
1718 1442 1847 1500 quc'.

279 1498 393 1556 Cap.
425 1498 480 1544 V.
544 1499 604 1544 47
652 1500 707 1544 cf.
742 1499 840 1545 Col.
872 1500 936 1544 VI
968 1505 1046 1556 30,
1080 1505 1105 1545 5
1162 1503 1328 1558 capitis
1381 1503 1577 1547 dolorem
1634 1503 1849 1547 indicant

163 1559 381 1604 lacrimae
412 1572 526 1616 quae
547 1562 800 1615 profluunt,
833 1574 1052 1618 auresque
1081 1562 1300 1616 flaccidae
1330 1565 1372 1606 et
1402 1563 1554 1606 cervice
1578 1575 1679 1606 cum
1703 1562 1852 1617 capite

163 1623 420 1676 ayyravata
465 1623 507 1662 et
548 1619 601 1662 in
646 1623 771 1663 terra
823 1621 1061 1664 submissa.
1140 1620 1316 1664 Graece
1371 1620 1657 1665 Columellae
1701 1621 1854 1663 'verba

162 1679 327 1722 extant
355 1676 495 1734 Hipp.
522 1682 623 1732 248,
655 1677 737 1722 ubi
768 1677 1012 1734 praecedit
1043 1677 1262 1735 Εὐμήλου
1294 1679 1410 1736 πρὸς
1449 1682 1657 1735 κεφαλῆς
1686 1678 1851 1723 πόνον.

162 1736 480 1793 Pelagoniana
513 1739 623 1781 sunt
647 1736 705 1780 H
723 1741 818 1782 250.
841 1743 922 1794 τῆς
954 1741 1161 1794 κεφαλῆς
1184 1738 1266 1789 τὰς
1289 1737 1552 1794 ἀλγηδόνας
1577 1740 1855 1795 σημαίνουσι

163 1795 448 1853 δακρύοντες
479 1795 723 1853 ὀφθαλμοὶ
746 1800 854 1852 κτλ.,
886 1797 1070 1853 plenius
1099 1798 1160 1841 M
1182 1802 1236 1841 95
1269 1797 1378 1855 χνα’
1413 1799 1714 1854 Πελαγωνίου
1738 1797 1855 1855 πρὸς

163 1856 430 1913 θεραπείαν
462 1861 553 1899 τῶν
587 1850 637 1899 ἐν
668 1861 724 1913 τῇ
756 1859 952 1914 κεφαλῇ.
1007 1855 1146 1901 aliter
1169 1855 1394 1913 Vegetius
1418 1856 1483 1900 III
1508 1861 1548 1900 8.

285 1915 348 1959 48
380 1915 437 1959 H
455 1918 543 1958 250
575 1913 699 1959 ἄλλο.
747 1915 838 1971 πρό
869 1931 921 1972 γε
954 1914 1175 1959 ἁπάντων
1207 1915 1293 1973 χρὴ
1320 1917 1573 1973 καθαίρειν
1597 1916 1682 1972 τὴν
1707 1932 1856 1971 κεφα-

165 1973 249 2030 λὴν
279 1980 362 2018 τοῦ
395 1973 511 2027 ζώου
542 1973 696 2034 τρόπῳ
728 1976 913 2034 τοιῷδε·
963 1974 1233 2034 εῦφόρβιον,
1266 1975 1564 2032 κενταύριον,
1598 1976 1855 2035 λιβανωτοῦ

167 2033 365 2090 ἄλευρον
398 2031 463 2084 εἰς
494 2033 668 2090 χύτραν
702 2029 883 2091 ἑψήσας
910 2029 989 2078 ἐπὶ
1019 2035 1137 2078 πολὺ
1170 2033 1284 2090 μετὰ
1310 2035 1441 2078 οἴνου
1475 2030 1525 2078 ἐν
1557 2037 1718 2093 θερμῷ
1743 2033 1857 2093 ἡλίῳ

165 2091 247 2136 διὰ
277 2100 369 2137 τῶν
410 2089 551 2149 ῥινῶν
592 2092 729 2150 ἔγχει.
792 2094 855 2138 Μ
873 2099 929 2138 95
970 2093 1076 2152 χνβ’
1119 2096 1327 2138 extrema
1366 2094 1452 2138 sic:
1496 2092 1561 2144 εἰς
1600 2093 1682 2144 τὰς
1722 2090 1855 2150 ῥῖνας

167 2148 337 2209 ἕπίχεε.
379 2151 462 2196 καὶ
493 2151 592 2209 μετ’
629 2153 785 2208 ὀλίγον
819 2153 966 2211 βραχὺ
1000 2149 1192 2209 ῥοδίνου
1218 2151 1333 2209 μετὰ
1357 2155 1560 2196 παλαιοῦ
1595 2148 1752 2196 ἐλαίου
1776 2152 1858 2195 καὶ

169 2212 459 2268 ἀφρονίτρου
495 2212 802 2268 (ἀφρόνιτρον
835 2213 953 2268 cod.)
989 2210 1054 2262 εἰς
1075 2211 1127 2255 τὸ
1153 2207 1233 2261 οὖς
1258 2207 1520 2267 ἐπίσταξον,
1554 2209 1666 2268 ὅπερ
1689 2211 1860 2261 ἷκανῶς

174 2269 504 2329 συμβάλλεταις
538 2270 757 2314 similiter
781 2271 835 2315 P.
868 2269 1024 2314 inulae
1057 2271 1115 2314 H
1142 2270 1387 2315 substituit
1417 2270 1723 2315 centaurium.

287 2328 350 2374 49
381 2330 437 2373 Η
463 2332 550 2373 250
582 2328 705 2374 ἄλλο.
770 2329 905 2383 ὄξους
935 2328 1218 2386 δριμυτάτου
1243 2329 1399 2386 ὀλίγον
1432 2329 1546 2386 μετὰ
1580 2326 1737 2374 ἐλαίου
1769 2346 1862 2373 πα-

170 2391 303 2432 λαιοῦ
320 2388 402 2432 καὶ
425 2388 713 2446 ἀφρονίτρου
732 2387 798 2439 εἰς
819 2388 872 2432 τὸ
898 2385 978 2439 οὖς
995 2385 1243 2442 ἐπίσταξον
1268 2392 1361 2434 κτλ.
1405 2390 1466 2433 M
1481 2394 1535 2434 95
1555 2388 1676 2447 χνγ’.
1718 2389 1774 2434 cf.
1789 2393 1860 2433 48.

289 2447 659 2506 vermiculos]
691 2447 821 2493 nolui
852 2451 1033 2492 mutare
1074 2449 1393 2492 accusativum
1433 2462 1537 2492 cum
1571 2448 1861 2493 Sarchianio.

172 2504 199 2562 ἢ
227 2506 465 2563 σκώληκας
489 2507 596 2557 τοὺς
620 2505 895 2564 λεγομένους
920 2506 1135 2558 ὀνίσκους
1159 2507 1378 2564 (traditur
1402 2507 1606 2564 ὀνικούς)
1633 2508 1696 2552 Η.
1739 2506 1862 2551 Cael.

170 2566 328 2610 Aurel.
347 2566 506 2612 chron.
523 2567 544 2609 Ι
562 2570 700 2622 4,119
725 2567 1039 2624 porcelliones,
1064 2567 1147 2611 hoc
1177 2571 1241 2611 est
1271 2568 1501 2612 animalia
1532 2581 1647 2623 quae
1675 2566 1864 2610 umectis

170 2630 213 2670 et
244 2626 427 2681 aquosis
465 2627 574 2671 locis
618 2639 748 2682 saepe
785 2631 1065 2680 nascuntur,
1105 2641 1136 2670 a
1177 2625 1367 2670 Graecis
1406 2627 1638 2683 appellata
1669 2624 1861 2668 ὀνίσκοι.

173 2683 301 2729 Cass,
333 2683 465 2729 Felix
498 2690 553 2730 28
587 2686 649 2742 (p.
674 2688 734 2728 44
757 2684 896 2741 Rose)
931 2686 1092 2730 asellos
1123 2698 1234 2742 quos
1266 2686 1432 2730 Graeci
1470 2686 1647 2729 oniscos
1686 2684 1861 2728 dicunt.

296 2742 360 2787 50
398 2743 457 2787 H
483 2748 567 2788 251
610 2742 734 2788 ἄλλο.
800 2742 844 2788 εἰ
879 2743 1047 2800 πάσχει
1086 2744 1167 2788 τὸν
1210 2740 1470 2801 ἐγκέφαλον
1516 2742 1567 2787 τὸ
1607 2744 1722 2796 ζῶον
1769 2745 1862 2785 κτλ.

175 2801 238 2846 M
255 2807 312 2846 95
345 2801 469 2858 χνὸ’.
530 2802 736 2860 Veg.111
764 2807 804 2858 7,
833 2808 878 2847 1:
918 2804 1145 2848 cerebrum
1177 2804 1443 2860 plerumque
1482 2803 1674 2847 diversis
1707 2802 1861 2858 passi-

175 2862 340 2906 onibus
378 2867 694 2917 commovetur,
735 2863 856 2919 quod
893 2863 966 2906 his
1004 2863 1355 2919 deprehenditur
1403 2862 1570 2917 siquis:
1610 2861 1865 2905 ambulabit

175 2933 349 2976 pravus
381 2924 422 2964 et
452 2921 709 2978 frequenter
740 2923 935 2977 offendet
965 2926 1007 2967 et
1037 2926 1128 2967 toto
1160 2935 1204 2966 se
1229 2935 1412 2978 corpore
1434 2925 1682 2965 commovet.
1731 2921 1864 2964 cuius

266 3002 361 3044 Iam,
384 3002 633 3044 Pelagonius.
1462 2998 1515 3037 10
