2060 3232
814 115 1213 169 —167—

177 249 333 304 syrtus
364 246 434 290 ita
464 244 610 290 tradit
639 244 780 302 Hipp.
808 249 891 289 134
923 249 1226 290 κατακεντεῖν
1257 260 1306 288 τε
1338 244 1432 288 ἀπὸ
1464 252 1545 289 τοῦ
1577 245 1790 303 ὀμφαλοῦ
1827 245 1856 302 ἢ

178 312 260 363 τῆς
297 303 581 362 κεντρίτιδος
619 301 868 360 λεγομένης
905 303 1000 348 ἀπὸ
1040 303 1280 348 δακτύλων
1321 309 1461 359 τριῶν
1499 310 1581 348 τοῦ
1619 305 1735 362 πρὸς
1773 306 1858 362 τὴν

174 366 331 423 χώραν
362 363 528 422 μέρους
550 363 631 407 καὶ
653 359 896 407 ἐντιθέναι
926 364 1228 419 καλαμίσκον,
1260 357 1308 416 ἐξ
1342 357 1396 406 οὗ
1422 358 1551 419 ῥ’ύσις
1573 364 1751 418 γίνεται
1774 372 1856 408 τοῦ

175 425 319 482 ὑγροῦ
351 423 571 481 (Hierool.
595 438 641 479 p.
668 426 752 466 135
785 420 1007 465 exhibens
1038 420 1155 478 πρὸς
1184 419 1270 477 τὴν
1303 419 1479 478 οὐράν).
1530 421 1643 477 Veg.
1670 423 1709 465 V
1733 427 1804 478 25,
1832 430 1853 467 1

176 485 263 528 alii
292 487 498 528 auctores
527 482 747 527 adserunt
777 481 836 526 ab
859 481 1072 525 umbilico
1104 481 1283 525 duobus
1321 481 1480 537 diyitis
1514 484 1676 525 contra
1698 487 1858 538 peetus

168 543 359 600 playam
389 541 491 596 fieri
513 541 667 586 debere
697 544 739 585 et
760 540 961 595 fistulam
985 540 1100 594 pom·
1130 552 1170 583 e.
1195 553 1236 595 q.
1264 554 1299 583 s.
1362 539 1419 583 cf.
1444 538 1487 583 V
1511 543 1583 594 24,
1606 543 1647 583 4.
1681 542 1741 583 sit
1772 542 1857 584 tibi

174 614 286 644 num
323 601 449 644 reete
490 613 630 656 supra
668 598 730 644 sit
764 598 1037 643 restitutum
1076 597 1261 654 dubito3
1307 598 1452 643 verba
1488 599 1531 642 si
1575 599 1662 643 tibi
1702 599 1855 656 potius

174 658 388 703 eicienda
416 657 637 703 videntur
667 659 723 702 ub
754 659 859 702 orta
889 673 946 703 ex
976 658 1100 703 subti
1132 682 1203 702 -.

293 719 358 763 de
388 717 573 762 fluvio
610 717 774 762 bibat
811 717 944 772 quia
975 716 1286 762 exercitior
1318 717 1424 775 est]
1458 716 1514 761 ef.
1548 715 1623 762 ΡΒ.
1655 716 1775 761 Acro
1806 717 1856 761 in

176 777 287 821 Hor.
313 790 451 822 carm.
476 776 519 820 ΙΙ
545 781 620 832 11,
653 781 710 820 20
756 777 810 820 de
852 780 1060 821 currente
1105 776 1230 830 fonte
1269 789 1392 832 aqua
1430 776 1580 832 petita
1625 780 1856 833 tamquam

168 837 308 891 potui
339 837 499 890 levior,
536 840 610 880 ut.-
652 836 799 890 fontes
846 835 1014 892 liquidi
1058 839 1192 891 atque
1237 836 1436 880 exercita
1475 848 1614 880 cursu
1658 837 1854 891 flumina

175 895 332 951 (Verg.
358 894 522 950 Georg.
548 893 614 936 III
637 895 755 949 529).

290 953 386 998 212
439 954 495 997 H
528 957 609 996 141
668 951 792 996 ἄλλο.
860 952 954 996 ἀπὸ
1007 959 1099 996 τῶν
1146 950 1283 1008 ὤμων
1333 950 1704 1009 ἀφαιμασσέσθω
1760 956 1853 997 κτλ.

173 1012 290 1069 Veg.
315 1012 359 1056 V
382 1016 452 1067 27,
479 1016 518 1057 7.
545 1016 572 1056 8
611 1012 699 1056 alii
736 1016 941 1057 auctores
979 1013 1200 1057 adserunt
1228 1013 1497 1068 sanquinem
1527 1013 1580 1057 de
1611 1013 1855 1058 brachiolis

176 1071 501 1116 detrahendum
532 1071 850 1127 (auferendum
881 1071 1027 1127 vulg.)
1059 1084 1097 1117 e.
1124 1084 1167 1126 q.
1194 1084 1229 1115 ε.

293 1129 502 1188 adicis]
536 1128 862 1186 καυτηριάζειν
891 1135 1096 1186 προσῆκε
1128 1128 1243 1186 μετὰ
1273 1134 1394 1186 τρεῖς
1424 1127 1598 1187 ἡμέρας
1630 1125 1855 1187 ἑκατέρω-

170 1191 263 1233 θεν
309 1188 405 1233 ἀνὰ
450 1193 571 1246 τρεῖς
617 1187 874 1238 δακτύλους
921 1187 1341 1245 ἐπιμετροῦντα
1386 1189 1463 1242 Η,·
1506 1193 1610 1245 post
1654 1191 1853 1246 quinque

171 1249 268 1293 dies
304 1253 456 1293 ternos
496 1248 664 1305 diyitos
709 1248 792 1292 sub
838 1248 940 1292 istis
983 1246 1072 1303 (ita
1117 1246 1318 1292 coniecit
1365 1247 1609 1302 Gesnerus‚
1656 1248 1853 1306 vulgata,

170 1308 378 1363 subiicis)
429 1309 515 1352 hae
569 1311 701 1364 atque
753 1307 864 1351 illac
915 1307 1193 1351 inurendum
1245 1310 1309 1350 est
1360 1307 1536 1352 iterum.
1620 1307 1851 1364 Apsyrtus

170 1366 312 1423 Hipp.
339 1369 424 1409 140
454 1365 601 1410 talem
633 1365 923 1409 curationem
952 1365 1210 1421 improbat,
1250 1366 1422 1421 probat
1460 1367 1624 1411 auctor
1661 1366 1850 1422 ignotus

168 1424 281 1469 ibid.
308 1428 392 1469 141
426 1424 534 1480 περὶ
566 1423 766 1478 σπληνὸς
796 1423 1055 1481 πρόγνωσις
1085 1423 1166 1467 καὶ
1199 1424 1331 1474 ἴασις.

288 1483 382 1528 213
413 1484 471 1528 Η
493 1488 576 1528 138
609 1483 732 1528 ἄλλο.
787 1482 975 1540 ἁρμόζει
1014 1487 1076 1541 τῷ
1114 1488 1387 1541 τυμπανικῲ
1425 1482 1611 1540 θερμὴν
1650 1484 1851 1528 σποδιὰν

169 1544 262 1586 κτλ.
306 1543 368 1586 Μ
390 1547 445 1587 36
464 1541 569 1600 qu'
616 1557 722 1586 cum
737 1542 958 1586 lemmate
971 1542 1088 1599 πρὸς
1102 1541 1434 1598 τυμπανικούς.
1467 1541 1582 1598 Veg.
1600 1542 1730 1599 V26‚
1748 1547 1788 1588 2.
1808 1549 1848 1587 3.

288 1600 384 1646 214
422 1602 474 1647 Η
499 1607 583 1646 138
623 1600 747 1644 ἄλλο.
790 1600 949 1658 θύμου
994 1601 1182 1658 ἀγρίου,
1222 1602 1420 1657 κυμίνου
1460 1599 1719 1658 σπέρματος
1756 1605 1849 1647 κτλ.

171 1661 235 1704 Μ
254 1665 310 1705 37
343 1657 456 1718 quj'
489 1659 614 1704 ἄλλο.
657 1659 845 1717 θύμνον
870 1660 972 1717 (sic)
1006 1659 1170 1717 ἄγριον
1202 1663 1294 1704 κτλ.
1343 1659 1460 1716 Veg.
1482 1660 1525 1704 V
1549 1666 1620 1715 26,
1645 1666 1686 1705 3.
1725 1661 1850 1705 idem

169 1719 266 1763 fere
304 1719 487 1764 Eumeli
514 1719 701 1764 nomine
739 1719 886 1763 fertur
923 1718 1064 1776 Hipp.
1084 1723 1167 1762 141
1208 1718 1325 1777 πρὸς
1363 1719 1562 1776 σπληνὸς
1592 1720 1754 1764 πόνον.
1790 1721 1846 1766 ef.

166 1778 442 1823 Eichenfeld
473 1778 640 1822 Annal.
663 1776 866 1822 vindob.
892 1781 950 1822 44
975 1794 1018 1834 p.
1045 1783 1144 1822 147.

287 1837 382 1882 215
414 1837 472 1881 Η
491 1842 575 1881 137
607 1835 900 1893 προπότισμα
930 1836 1046 1893 πρὸς
1076 1836 1370 1894 ὑδρωπικούς
1400 1836 1487 1894 (ita
1525 1838 1571 1880 P
1604 1837 1846 1895 inscribit).

168 1898 443 1946 παστίλλους
488 1896 584 1940 ἀπὸ
633 1893 812 1953 μέλιτος
850 1895 931 1939 καὶ
972 1896 1199 1955 βουτύρου
1238 1895 1439 1950 ποιήσας
1477 1894 1542 1946 εἰς
1582 1897 1704 1952 ἰγδιν
1747 1896 1846 1954 μετ’

165 1954 323 2000 ἐλαίου
354 1954 541 1999 κυάθου
575 1950 678 2005 ἕνὸς
708 1952 832 1999 λείου
865 1955 946 1998 καὶ
977 1954 1092 2012 μετὰ
1123 1956 1254 1999 οἴνου
1287 1954 1349 2009 ξέ.
1392 1954 1458 1999 occ'
1502 1954 1583 1999 διὰ
1622 1955 1846 2012 στόματος

167 2010 450 2072 ἔγχυμάτιζε,
481 2012 510 2070 ἢ
537 2013 813 2071 ἀσπαράγου
838 2011 1003 2072 ἀγρίου
1028 2011 1152 2071 ῥίζης
1175 2022 1229 2071 γὸ
1262 2013 1308 2073 β’
1343 2013 1458 2071 μετὰ
1483 2015 1614 2058 οἴνου
1644 2019 1849 2059 παλαιοῦ

167 2073 230 2127 ξέ.
250 2073 323 2118 occ'
342 2072 624 2129 καθεψήσας
637 2071 721 2124 ἕως
742 2073 1058 2131 ἀποτριτωθῇ,
1084 2073 1166 2117 διὰ
1189 2071 1382 2131 κέρατος
1410 2075 1560 2129 δίδου,
1584 2072 1614 2128 ἢ
1638 2073 1851 2126 πάνακος

166 2131 293 2190 ῥ’ίζης
322 2141 376 2189 γό
406 2132 458 2177 τὸ
489 2130 629 2189 ἥμισυ
661 2132 852 2182 λειώσας
883 2131 998 2189 μετὰ
1030 2133 1161 2176 οἰνου
1201 2128 1482 2189 ἕγχυμοὶτιζε.
1542 2132 1850 2192 συμβάλλεται

167 2191 220 2236 δὲ
253 2193 378 2251 αὐτῷ
408 2191 490 2235 καὶ
519 2191 572 2235 τὸ
604 2191 736 2247 ὀλίγα
765 2188 921 2235 πίνειν
953 2190 1066 2235 ὥστε
1108 2194 1280 2248 μᾶλλον
1320 2192 1483 2248 διψᾶν.
1548 2193 1610 2235 Μ
1639 2197 1694 2236 37
1728 2194 1844 2251 Qqfl'

166 2250 460 2307 προπότισμα
483 2248 764 2307 ὑδρωπικόν.
815 2249 927 2307 Veg.
945 2250 987 2294 V
1004 2253 1074 2304 25,
1095 2254 1143 2294 3:
1175 2251 1397 2307 asparagi
1425 2251 1643 2296 silvestris
1673 2254 1847 2297 radicis

165 2311 330 2354 uncias
362 2310 432 2352 II
474 2323 575 2353 eum
612 2310 713 2354 viui
753 2309 914 2353 veteris
965 2309 1166 2354 sextario
1210 2310 1419 2366 decoquis
1459 2315 1513 2355 ut
1557 2311 1620 2355 ad
1665 2312 1845 2357 tertiam

165 2368 333 2422 redeat,
363 2372 404 2412 et
434 2369 496 2412 ad
525 2368 750 2412 heminam
769 2381 853 2424 per
876 2380 924 2412 os
946 2368 1122 2424 deyeres
1145 2366 1296 2426 (Corb.
1321 2369 1575 2425 decoquunt
1599 2371 1660 2415 ad
1689 2372 1849 2415 tertias

164 2432 218 2471 ut
245 2428 399 2472 redeat
429 2428 491 2471 ad
519 2427 745 2471 heminam
775 2431 816 2471 et
847 2440 934 2482 per
965 2440 1014 2471 os
1052 2428 1270 2484 deyerunt
1306 2426 1497 2484 melius,
1535 2429 1589 2472 ut
1627 2429 1846 2484 videtur).

165 2499 271 2530 cum
304 2486 397 2530 sint
427 2485 524 2530 vini
552 2484 767 2530 heminae
797 2486 892 2529 tres
926 2486 1059 2542 (sext.
1086 2487 1140 2544 S.)
1170 2487 1297 2531 recte
1329 2486 1387 2531 H
1421 2484 1505 2538 ἕως
1543 2487 1844 2546 ἀποτριτωθῇ

165 2545 210 2589 h.
237 2559 276 2589 e.
309 2544 556 2600 decoquito
588 2545 647 2588 ad
679 2543 928 2588 heminam.

285 2602 394 2660 Cap.
428 2603 569 2648 XIIII.
602 2604 696 2648 216
736 2604 799 2648 Μ
820 2608 903 2647 124
936 2603 1070 2662 Qqs'
1112 2606 1414 2661 Πελαγωνίου
1453 2605 1561 2662 περὶ
1598 2612 1733 2661 ψυῶν
1766 2605 1847 2649 καὶ

165 2668 352 2718 νεφρῶν
383 2662 464 2706 καὶ
502 2660 674 2719 ἰσχίων.
730 2661 918 2719 ἁρμόζει
955 2662 1064 2719 περὶ
1101 2670 1237 2720 ψυῶν
1277 2664 1358 2708 καὶ
1396 2671 1583 2722 νεφρῶν
1622 2664 1752 2722 παρὰ
1790 2670 1846 2722 τῇ

166 2726 222 2777 σῇ
254 2721 520 2778 κοσμιότητι
550 2718 683 2778 ὀλίγα
714 2719 966 2775 καταλέξαι
996 2725 1089 2766 κτλ.

286 2778 419 2835 equi
465 2779 796 2837 plerumque
830 2793 869 2824 e.
894 2796 937 2835 q.
964 2781 1018 2839 s.]
1054 2781 1216 2825 extant
1254 2781 1398 2826 etiam
1429 2781 1478 2825 in
1511 2782 1566 2826 H
1594 2786 1676 2826 102
1718 2781 1843 2826 ἄλλο.

166 2836 403 2882 ἁλίσκεται
428 2839 568 2890 ἵππος
591 2836 825 2897 νεφρίτιὸι
849 2843 941 2883 κτλ.
984 2853 1040 2884 ea
1060 2853 1180 2896 quae
1196 2841 1479 2896 praecedunt
1496 2841 1672 2898 νεφρὸν
1705 2842 1846 2892 ἵππος

168 2891 252 2939 ἐὰν
277 2896 393 2954 ἀλγῇ
417 2900 509 2941 κτλ.
556 2899 608 2942 in
626 2900 685 2942 M
702 2904 785 2943 123
805 2898 946 2955 Quis
974 2898 1167 2944 Eumelo
1199 2898 1480 2943 tribuuntur.
1528 2898 1643 2957 Veg.
1669 2901 1710 2945 V
1735 2905 1776 2955 2,
1805 2906 1846 2945 1.
