2060 3232
885 94 1253 148 —82-

229 232 421 296 opium,
467 232 616 281 bacas
664 231 818 296 lauri,
857 231 970 295 mel,
1011 246 1125 280 cum
1161 230 1278 281 vino
1327 232 1492 281 omnia
1540 231 1786 295 permixta
1829 249 1909 283 ca-

226 306 330 355 lida
369 305 522 354 dabis

116 381 211 427 246
338 379 421 428 Ad
458 379 679 429 dolorem
724 379 928 428 cervicis
973 378 1055 428 vel
1100 378 1164 427 ad
1210 346 1600 428 contractionem
1643 396 1910 429 nervorum

228 453 316 517 qui
353 453 407 501 in
453 453 640 503 cervice
687 455 817 502 sunt.
888 451 1212 502 cauterianda
1257 455 1334 501 est
1379 452 1544 503 cervix
1589 470 1648 502 ex
1691 455 1907 516 utraque

224 528 369 590 parte
409 527 674 590 subtiliter,
713 528 890 589 postea
929 526 1148 590 axungia
1182 526 1472 590 perungit03
1510 529 1625 588 post
1655 527 1758 576 dies
1797 542 1906 590 sep·
1953 537 1992 571 5·

224 603 329 650 tem
367 616 501 664 aqua
540 600 702 649 calida
747 601 917 649 lavato
964 601 1016 648 et
1061 599 1247 647 siccata
1289 599 1611 648 unctionibus
1656 600 1907 649 therman-

224 674 337 724 ticis
375 673 658 738 perungit0‚
696 674 814 721 lana
850 673 932 723 vel
969 672 1207 735 pellicula
1245 672 1487 722 cervicem
1522 672 1840 723 circumdato.

116 747 210 795 247
343 747 646 810 Compositio
700 747 902 809 liparae.
988 761 1194 808 spumae
1255 746 1451 810 argenti
1497 773 1566 780 —
1614 747 1707 812 Ἦ,
1768 763 1907 796 cerae

223 821 307 870 lib.
347 821 411 886 ΙΙ,
459 835 686 870 cerussae
718 848 792 855 —
829 820 916 885 VI,
963 820 1091 868 turis
1133 820 1336 882 pollinis
1376 846 1438 853 —
1482 820 1599 885 ΙΠΙ,
1655 820 1906 870 medullae

224 894 451 944 cervinae
489 921 551 930 -
586 894 659 959 II,
715 895 811 944 olei
848 911 895 957 p.
927 894 1000 942 H:
1053 894 1176 942 haec
1226 894 1279 941 in
1326 909 1486 942 unum
1537 894 1804 943 commixta
1854 896 1906 943 et
1929 905 1974 938 10

224 972 379 1033 cocta,
417 968 587 1017 uteris,

112 1041 207 1088 248
334 1042 414 1090 Ad
453 1056 675 1106 ozaenas,
715 1041 948 1104 apopiras
987 1040 1241 1105 Pelagoni.
1271 1104 1275 1107 .
1305 1040 1548 1103 speclaria
1586 1043 1726 1090 cocta
1765 1043 1816 1090 et
1853 1041 1906 1090 in

221 1116 479 1177 pulverem
515 1115 719 1163 redacta
757 1115 917 1163 mittis
955 1114 1008 1162 in
1044 1116 1243 1163 acetum
1281 1116 1332 1163 et
1361 1115 1600 1165 ferveant.
1633 1131 1798 1177 panno
1830 1115 1904 1162 in-

219 1189 370 1236 litum
409 1188 635 1237 articulis
682 1188 919 1253 imponiS,
960 1188 1046 1236 sed
1090 1188 1230 1250 prius
1277 1188 1474 1237 eosdem
1520 1188 1757 1238 articulos
1803 1188 1902 1251 psi-

219 1262 382 1311 lothro
422 1261 679 1326 levigabis.
1927 1271 1971 1306 15

109 1335 203 1381 249
329 1335 411 1383 Ad
449 1334 658 1384 detritas
695 1335 927 1399 ungulas,
992 1334 1301 1383 absinthium
1337 1333 1495 1384 viride
1531 1350 1644 1385 cum
1684 1336 1904 1400 axungia

218 1409 375 1458 veteri
400 1411 450 1457 et
474 1410 577 1458 sale
595 1409 842 1458 contunde
869 1410 919 1457 et
942 1409 1161 1473 ungulas
1186 1410 1326 1458 aceto
1348 1408 1602 1458 acrissimo
1620 1409 1902 1471 perfricato,

109 1482 204 1530 250
330 1482 411 1530 Ad
450 1497 670 1531 ozaenas
732 1483 878 1531 fabae
917 1498 1033 1532 cum
1070 1482 1194 1531 lotio
1227 1485 1396 1532 coctae
1435 1485 1486 1532 et
1516 1482 1769 1547 aeruginis
1799 1499 1903 1532 mo-

218 1555 386 1605 dicum
425 1556 769 1620 superspargis
817 1558 866 1605 et
905 1572 964 1606 ea
1002 1554 1112 1606 loca
1149 1556 1290 1618 prius
1338 1559 1477 1607 aceto
1524 1556 1716 1606 lavabis
1763 1559 1814 1605 et
1850 1556 1904 1604 in
2013 1613 2024 1619 ἣ

216 1629 422 1678 linteolo
462 1630 633 1678 uteris,
697 1630 1030 1679 certissimum
1069 1632 1157 1679 est.
1923 1640 1969 1672 2⁰

106 1702 198 1750 251
327 1702 457 1752 Item
495 1703 559 1752 ad
598 1719 805 1752 ozaenas
842 1704 1074 1766 liquidas,
1137 1703 1324 1766 sinapis
1362 1703 1486 1752 bene
1525 1703 1636 1752 triti
1674 1705 1901 1752 ...aceto

215 1776 518 1839 permixtum
556 1793 670 1826 cum
708 1779 867 1826 lasere
905 1778 1099 1826 modico
1138 1777 1365 1839 imponis.

104 1850 198 1896 252
326 1849 407 1899 Ad
446 1850 739 1915 ossilagines
777 1851 858 1900 vel
903 1866 1080 1901 nervos
1127 1866 1316 1900 crassos
1362 1851 1443 1900 vel
1490 1850 1553 1899 ad
1601 1850 1810 1914 ragadia
1847 1850 1899 1898 in

215 1923 380 1974 nervis
435 1925 527 1972 aut
575 1924 619 1972 si
670 1925 798 1974 forte
847 1925 909 1972 ab
957 1941 1045 1973 axe
1092 1924 1246 1974 fuerit
1299 1939 1563 1987 percussus
1619 1926 1709 1972 aut
1754 1939 1900 1973 umor

215 1995 400 2059 aliquis
430 1997 584 2046 fuerit
616 2000 707 2046 aut
737 1998 1029 2047 duritiolam
1058 1998 1244 2062 fecerit,
1284 1998 1352 2047 sic
1393 1998 1611 2046 curabis:
1649 2013 1898 2063 mannam,
1923 2006 1967 2040 25

214 2070 343 2119 aceti
390 2071 579 2119 austeri
616 2072 759 2136 hem„
792 2072 1054 2135 euphorbii
1086 2098 1149 2106 ——
1184 2072 1249 2136 Π,
1287 2072 1527 2121 bacarum
1560 2071 1693 2120 lauri
1732 2097 1797 2104 -—
1831 2071 1895 2136 ΙΙ,

212 2144 336 2206 picis
390 2144 611 2207 liquidae
666 2161 777 2195 unc.
810 2146 883 2210 ΙΙ,
938 2146 1191 2208 sulphuris
1228 2171 1291 2180 —-
1358 2146 1430 2210 Π,
1493 2145 1738 2228 axungiae
1785 2161 1897 2207 por-

214 2217 352 2266 cinae
406 2218 515 2282 lib.,
571 2219 759 2282 sinapis
813 2219 1139 2269 Alexandrini
1183 2246 1246 2253 —
1287 2219 1390 2284 ΙΠ,
1445 2219 1630 2282 cymini
1668 2244 1741 2252 —
1778 2218 1896 2282 ΙΙΠ,

336 2377 358 2416 1
393 2373 585 2429 oppium
611 2374 620 2429 1
649 2373 824 2419 callida
844 2375 860 2431 11
884 2380 912 2419 4
945 2374 1282 2419 cautherianda
1303 2376 1319 2430 ΙΙ
1344 2380 1367 2419 7
1402 2373 1673 2419 circundato
1697 2374 1712 2430 11
1737 2378 1762 2417 9
1772 2382 1894 2448 ψιμ-

212 2427 388 2487 μκυθίου
420 2438 475 2488 γὸ
505 2431 554 2488 γ’
587 2431 695 2477 ΗΡ
749 2433 868 2478 turis
909 2432 1136 2489 pollinem
1162 2459 1216 2466 -
1240 2432 1329 2477 IIII
1359 2433 1407 2478 R
1472 2431 1666 2501 λιβάνου
1698 2429 1895 2499 ἄρᾇνος

211 2496 266 2546 γὸ
298 2489 345 2534 δ’
379 2490 438 2533 H
450 2490 495 2534 P
517 2491 525 2547 Ι
551 2491 708 2535 medul
730 2505 754 2536 e
776 2492 793 2547 ΙΙ
818 2496 873 2536 10
906 2491 994 2536 hec
1023 2492 1039 2547 ΙΙ
1073 2497 1124 2535 11
1159 2492 1286 2536 cotta
1308 2492 1323 2547 11
1350 2496 1402 2535 12
1436 2492 1591 2536 ozinas
1618 2493 1625 2548 Ι
1651 2489 1894 2548 pelagonii

211 2547 419 2604 peclaria
463 2551 511 2650 up
514 2553 582 2642 Β14
613 2549 801 2606 inponis
851 2552 858 2606 Ι
907 2549 1147 2607 philothro
1185 2552 1442 2607 (praeterea
1479 2551 1533 2594 in
1570 2563 1711 2607 mar-9.
1753 2563 1896 2595 manu

209 2651 441 2698 Pontiani
485 2608 743 2710 philothro)
779 2653 796 2708 Ι]
836 2656 890 2697 16
921 2651 1137 2720 absent-,iu
1168 2653 1185 2709 ll
1222 2655 1275 2698 17
1313 2651 1519 2710 pfrigato
1550 2653 1566 2707 ΙΙ
1598 2656 1652 2696 18
1691 2651 1847 2696 ozinas
1883 2653 1887 2709 Ι

208 2711 335 2755 loteo
368 2711 525 2756 cottae
556 2713 656 2769 (aut
671 2711 839 2768 cottat)
865 2710 1070 2768 eruginis
1093 2714 1110 2767 u
1134 2715 1188 2756 19
1206 2713 1254 2756 et
1285 2711 1359 2768 ea]
1384 2711 1575 2766 fortasse
1607 2710 1687 2754 sed
1717 2724 1773 2755 ea
1795 2711 1810 2766 ΙΙ
1834 2716 1889 2756 21

211 2769 368 2815 ozinas
391 2771 407 2826 ss
430 2774 488 2815 24
518 2770 672 2829 umor]
703 2771 859 2815 tumor
883 2770 929 2815 R
974 2769 1117 2827 χυμός
1148 2769 1210 2815 Μ
1226 2771 1243 2827 ss
1265 2773 1322 2813 25
1347 2767 1526 2826 μάννης
1549 2777 1603 2825 76
1635 2768 1682 2827 β’
1717 2769 1777 2813 Μ
1795 2771 1810 2826 ΙΙ
1834 2773 1890 2813 26

209 2829 405 2873 austeris
436 2829 559 2874 hem
577 2829 623 2874 R
684 2830 915 2888 αὐστηροῦ
947 2829 1015 2875 occ'
1042 2829 1106 2874 Μ
1139 2831 1147 2886 Ι
1189 2828 1369 2874 euforbi
1405 2830 1421 2885 ΙΙ
1458 2833 1515 2873 27
1554 2830 1718 2885 πίσσης
1749 2829 1892 2885 ὑγρᾶς

210 2894 263 2943 y6
297 2886 344 2930 δ’
379 2889 442 2933 Μ
461 2890 468 2946 Ι
494 2888 686 2947 porcine
