2060 3232
921 103 1282 156 -43,-

254 239 523 299 sanitatem
568 239 741 289 eadem
784 241 995 290 vulnera
1039 239 1376 304 pervenerint,
1416 240 1475 288 de
1521 233 1940 304 malisgranatis

254 313 396 363 siccis
433 315 691 377 pulverem
728 314 881 363 facito
922 317 972 362 et
1010 314 1248 378 spargito.
1280 313 1507 366 sanabis.

180 387 244 433 58
373 387 428 436 Si
466 390 619 451 caput
658 404 688 436 a
724 389 925 451 pletura
965 390 1056 436 aut
1094 404 1124 435 a
1161 387 1564 450 perfrictionibus
1609 388 1816 449 plenum
1852 387 1941 435 ha-

259 461 440 526 buerit,
479 462 683 526 sanguis
722 464 813 510 aut
852 462 911 510 de
949 462 1258 524 temporibus
1298 464 1390 509 aut
1428 462 1487 508 de
1520 477 1602 509 ore
1638 461 1941 510 emittendus

255 537 331 584 est
376 538 427 584 et
471 538 633 585 cretae
688 535 812 583 duas
866 537 1035 598 partes
1089 537 1140 583 et
1175 551 1331 583 unam
1383 536 1580 597 partem
1625 535 1774 583 calcis
1818 535 1936 585 vino
1985 546 2007 579 5

255 612 454 658 austero
493 609 795 671 temperabis
835 611 885 656 et
924 608 1143 656 calidum
1182 607 1337 670 capiti
1374 607 1612 670 impones.

173 683 239 727 59
365 684 440 731 De
478 682 735 731 umoribus
774 682 987 745 narium,
1029 681 1117 743 qui
1149 697 1179 729 3
1219 698 1318 744 quo
1351 682 1460 730 loco
1493 683 1672 729 exeant
1701 683 1763 730 ut
1791 682 1938 731 facile

253 757 618 821 intellegamus.
656 771 859 804 muccus
883 755 1122 818 limpidus
1147 755 1428 804 cotidianus
1453 757 1529 803 est
1551 771 1641 804 nec
1656 758 1707 804 te
1730 758 1939 819 terreat,

253 846 447 879 crassus
487 829 725 879 candidus
766 846 795 877 3
834 829 1055 893 0010111ος
1093 828 1279 877 rubeus
1317 829 1485 878 tenuis
1520 829 1736 894 frigidus
1769 846 1799 878 3
1829 846 1938 892 per-

252 904 566 953 frictionibus
605 903 879 966 veteribus3
919 904 1179 952 caeruleus
1214 903 1339 953 levis
1379 904 1441 952 ab
1471 903 1808 968 interioribus,
1848 904 1938 967 qui
1962 916 2004 948 10

188 1022 192 1024 .
251 978 412 1027 febres
444 978 652 1040 indicat,
692 973 888 1026 crassus
921 992 1185 1040 spumosus
1217 993 1248 1026 3
1278 977 1616 1041 pulmonibus,
1657 977 1746 1040 qui
1777 978 1938 1040 suspi-

253 1052 411 1100 riosos
450 1052 687 1114 ostendit3
733 1052 992 1101 faecaceus
1040 1051 1229 1114 spissus
1269 1067 1300 1099 3
1338 1051 1604 1115 glandulis.
1667 1052 1789 1100 haec
1821 1053 1941 1100 sunt

256 1141 384 1188 quae
422 1125 636 1174 maxime
676 1125 936 1174 observare
977 1125 1212 1174 debemus
1252 1127 1303 1173 et
1340 1125 1608 1174 memoriae
1646 1126 1855 1174 tradere.

178 1198 243 1241 60
368 1199 545 1261 Equus
593 1199 635 1246 si
673 1199 929 1248 cerebrum
981 1214 1274 1262 percussum
1324 1199 1578 1263 habuerit,
1632 1199 1747 1248 hinc
1792 1200 1939 1248 intel-

251 1274 415 1338 legere
460 1273 670 1340 poteris:
720 1289 944 1336 spasmos
993 1275 1196 1336 repente
1242 1273 1488 1337 patietur,
1533 1274 1723 1337 horret,
1777 1274 1937 1338 timet,
1963 1285 2006 1318 15

250 1347 430 1410 cibum,
453 1347 697 1395 hordeum
718 1349 932 1412 recusat,
963 1349 1103 1396 totus
1134 1347 1188 1395 in
1217 1347 1435 1410 priorem
1457 1349 1653 1410 partem
1683 1362 1733 1396 se
1765 1348 1939 1396 tendit.

250 1420 577 1468 utilissimum
608 1423 684 1469 est
714 1421 1012 1486 sanguinem
1051 1421 1110 1470 de
1141 1421 1450 1484 temporibus
1482 1421 1680 1469 mittere
1713 1423 1764 1469 et
1794 1437 1940 1483 spon·

251 1493 390 1558 giam
434 1494 613 1542 Afram
665 1497 971 1544 maceratam
1025 1495 1199 1558 aequis
1252 1495 1482 1558 partibus
1538 1510 1654 1544 rosa
1700 1498 1751 1543 et
1797 1498 1938 1544 aceto

251 1567 406 1630 capiti
451 1568 703 1630 imponere
752 1571 802 1617 et
847 1569 982 1618 cibos
1036 1569 1219 1618 virides
1266 1569 1516 1631 praebere.
1580 1570 1623 1617 si
1668 1585 1758 1618 nec
1804 1569 1939 1619 cibos

250 1641 434 1690 virides
473 1642 754 1707 appetierit,
794 1643 966 1691 fabam
1001 1643 1231 1692 molitam
1277 1659 1393 1691 01110
1437 1643 1603 1692 farina
1648 1642 1848 1692 triticea
1886 1645 1937 1692 et
1961 1656 2005 1687 20

252 1731 385 1778 aqua
422 1716 588 1764 mulsa
625 1733 715 1778 per
752 1732 907 1765 cornu
937 1717 990 1764 in
1021 1717 1191 1766 fauces
1227 1717 1495 1781 infundite,
1529 1716 1771 1780 quamdiu
1802 1717 1937 1767 cibos

250 1789 433 1838 virides
473 1791 693 1853 appetat,
734 1806 859 1853 quos
899 1807 1033 1854 aqua
1073 1792 1204 1839 salsa
1242 1791 1528 1839 macerabis.

174 1858 236 1903 61
367 1863 422 1911 Si
454 1878 613 1926 equus
645 1865 912 1928 glandulas
943 1865 1189 1929 habuerit,
1228 1865 1445 1913 farinam
1474 1865 1792 1914 hordeaciam
1823 1881 1939 1914 cum

255 1952 389 2000 aqua
424 1938 590 1985 mulsa
629 1940 680 1986 et
716 1939 882 1986 resina
919 1941 970 1987 et
1009 1939 1228 2003 axungia
1258 1939 1473 1987 calidam
1503 1939 1742 2003 impones,
1782 1939 1937 1988 donec

253 2011 387 2060 foras
426 2013 710 2074 erumpent3
750 2014 800 2061 et
838 2013 881 2061 si
911 2013 1122 2061 vulnera
1152 2013 1355 2076 fuerint,
1386 2013 1688 2061 traumatico
1721 2013 1932 2077 curabis,
1958 2026 2002 2058 25

253 2087 304 2133 et
342 2084 384 2132 31
420 2085 673 2147 parotides
711 2086 914 2150 fuerint,
955 2087 1185 2135 similiter
1222 2087 1433 2135 curabis.

173 2152 236 2198 62
362 2158 443 2206 Ad
480 2159 659 2222 capitis
697 2160 893 2222 pondus
932 2163 983 2209 et
1021 2161 1063 2208 si
1101 2178 1190 2224 per
1226 2176 1371 2209 nares
1411 2162 1533 2209 satis
1564 2161 1737 2225 mittit,
1775 2161 1938 2224 potio-

249 2231 392 2280 nabis
429 2233 523 2281 hac
561 2232 787 2295 potione:
828 2235 1015 2297 sinapis
1057 2235 1378 2284 acetabulum
1420 2252 1535 2284 cum
1571 2235 1734 2283 mellis
1774 2238 1936 2284 aceta-

247 2305 367 2355 bulo
406 2306 672 2370 diligenter
707 2310 837 2357 teres
885 2311 936 2357 et
974 2325 1089 2357 cum
1126 2309 1232 2358 vini
1269 2309 1470 2358 hemina
1508 2309 1792 2372 potionabis
1832 2310 1933 2358 die·

253 2379 345 2427 bus
384 2396 575 2429 novem.
631 2383 905 2431 salutarem
943 2383 1129 2431 dicunt.
1957 2395 2002 2428 30

174 2447 237 2493 63
367 2454 420 2501 Si
459 2455 540 2502 cui
580 2472 707 2518 equo
748 2456 801 2503 in
838 2456 1044 2504 naribus
1083 2457 1326 2521 cartilago
1358 2458 1513 2505 fuerit
1548 2458 1702 2520 rupta
1741 2461 1792 2505 et
1823 2473 1934 2505 san-

250 2527 362 2590 guis
407 2528 592 2576 nimius
639 2529 861 2592 eruperit
905 2532 957 2579 et
1004 2530 1242 2578 abstineri
1287 2547 1386 2579 non
1435 2533 1623 2595 potest,
1671 2531 1934 2595 spongiam

367 2675 392 2711 3
423 2669 774 2725 perfictionibus
813 2671 946 2726 (corr.
990 2670 1256 2726 Sarchiani)
1288 2673 1353 2729 115
1393 2673 1646 2728 κρηταρίου
1687 2669 1800 2728 μέρη
1842 2672 1928 2716 δύο

248 2725 330 2770 καὶ
359 2727 562 2779 ἀποικίας
598 2730 803 2780 παλαιᾶς
842 2730 979 2787 ΗΡΙΙ
1017 2735 1042 2774 6
1091 2734 1276 2774 austere
1317 2732 1324 2786 Ι
1367 2731 1590 2774 callidum
1632 2732 1639 2787 Ι
1680 2730 1875 2787 inpones

250 2791 275 2829 7
308 2786 389 2841 qui
421 2787 470 2845 a]
501 2786 613 2843 quia
638 2790 646 2844 Ι
673 2788 745 2846 ut]
780 2792 827 2832 et
849 2790 864 2844 ΙΙ
895 2793 921 2832 9
962 2803 1147 2845 grassus
1180 2791 1188 2846 Ι
1222 2788 1586 2845 perfectionibus
1616 2790 1631 2846 ss
1667 2795 1718 2833 10
1756 2789 1875 2834 lenis

251 2848 304 2887 12
336 2844 548 2890 fecaceus
576 2848 583 2903 Ι
610 2846 850 2903 grandulis
873 2849 890 2903 ΙΙ
917 2851 969 2891 18
1002 2848 1136 2907 rosa]
1167 2849 1359 2903 fortasse
1402 2849 1583 2893 rosacio
1622 2847 1755 2906 (μετὰ
1794 2849 1929 2903 ὄξους

249 2902 329 2946 καὶ
360 2900 549 2960 ῥοδίνου
588 2907 662 2963 Μ)
686 2907 703 2962 {l
730 2911 781 2951 19
813 2908 1006 2963 prebere
1031 2909 1045 2964 ΙΙ
1069 2912 1124 2951 22
1158 2907 1276 2951 falsa
1306 2908 1407 2965 (sic)
1433 2910 1448 2965 ΙΙ
1471 2912 1528 2951 24
1561 2908 1786 2953 calnidam
