2060 3232
836 80 1188 133 *13-

175 221 230 269 in
269 220 422 268 titulo
460 218 652 267 urbano
693 217 827 267 CIL.
865 217 940 265 VI
977 209 1187 283 16691).
1266 215 1506 265 Gordiani
1551 216 1860 299 temporibus

171 294 274 343 fuit
311 294 366 341 T.
398 292 576 341 Aelius
607 292 804 340 Annius
835 291 1059 340 Litorius
1099 289 1234 340 CIL.
1273 290 1399 348 VIII
1431 292 1560 353 8953
1600 290 1719 338 anni
1751 291 1856 339 263

169 368 356 417 titulus
380 369 457 416 est
481 366 615 415 CIL.
640 366 719 414 ΠΙ
745 368 850 414 417
880 364 1135 424 (Hermiae
1158 367 1241 424 qui
1263 368 1306 413 et
1327 365 1585 425 Litorius).
1633 364 1860 426 exempla

169 441 411 506 nominis,
456 457 557 489 non
603 439 913 503 cognominis
949 438 1194 501 praebent
1230 437 1373 487 tituli
1418 437 1554 486 CIL.
1592 437 1694 486 VII
1737 439 1858 486 645.

169 515 291 564 XIV
324 517 426 565 695
440 507 499 581 2).
561 513 743 562 Litorii
779 514 1198 561 medicamentum
1237 512 1474 575 quoniam
1512 511 1734 574 Apsyrto
1771 527 1860 560 no·

169 591 283 638 tum
319 589 476 637 fuisse
514 587 785 638 verisimile
826 590 903 636 est
941 580 1078 653 (vide
1118 578 1391 652 adnotatq)
1440 586 1522 635 vel
1568 585 1684 633 inde
1721 585 1861 632 haud

170 663 246 712 ita
267 663 429 712 multo
446 663 563 724 post
585 662 844 723 conlegam
859 660 1218 710 veterinarium
1236 659 1541 723 Pelagonius
1557 659 1714 707 fuisse
1731 657 1862 707 effici

170 738 354 799 potest.
404 735 650 783 Arcadius
676 727 852 801 (168),
878 733 1112 782 Eubulus
1140 726 1315 800 (271),
1349 732 1669 795 Hipparchus
1707 724 1790 799 (3)
1802 726 1860 798 3),

170 810 420 859 Aemilius
459 809 715 872 Hispanus
755 810 807 857 et
838 807 1077 871 Caystrus
1110 807 1311 855 Siculus
1341 822 1615 871 mangones
1656 801 1766 872 (23.
1801 799 1862 872 9)

169 884 225 932 in
273 883 491 932 tenebris
541 883 718 931 iacent.
799 882 1029 946 Magonis
1079 897 1261 930 nomen
1316 873 1474 948 (150)
1525 881 1588 928 ab
1637 880 1862 943 Apsyrto

167 959 433 1006 mutuatus
472 960 561 1005 est.

283 1031 547 1095 Pelagonii
568 1030 771 1078 libellus
794 1047 895 1079 non
917 1030 1115 1094 integer
1138 1029 1202 1078 ad
1223 1044 1314 1077 nos
1336 1030 1580 1092 pervenit,
1603 1028 1863 1091 perierunt

169 1106 223 1153 in
253 1105 420 1155 codice
451 1104 779 1152 Riccardiano
810 1119 928 1166 pars
960 1104 1140 1166 capitis
1172 1102 1336 1151 XXXI
1374 1097 1457 1168 (de
1495 1103 1862 1166 malagmatum

170 1172 661 1242 compositionibus),
702 1178 871 1240 capita
900 1178 1091 1226 XXXII
1131 1171 1215 1243 (de
1248 1176 1587 1225 causticorum
1617 1176 1859 1239 composi-

168 1246 440 1318 tionibus),
494 1251 712 1299 XXXIII
767 1245 853 1316 (de
899 1251 1090 1300 haustu
1141 1250 1390 1298 hirudinis
1444 1253 1496 1298 et
1549 1251 1609 1299 de
1662 1252 1860 1299 tumore

170 1326 381 1375 testium
413 1326 465 1373 et
495 1325 555 1373 de
586 1325 839 1374 vermibus
871 1327 923 1373 et
953 1325 1012 1373 de
1045 1319 1245 1389 cossis),
1287 1324 1499 1371 XXXIV
1530 1319 1615 1388 (de
1639 1324 1860 1373 verrucis

172 1391 458 1464 pecorum),
505 1415 622 1460 pars
663 1399 842 1461 capitis
881 1399 1068 1446 XXXV
1108 1393 1193 1461 (de
1232 1390 1599 1464 farciminoso),
1647 1412 1863 1460 quorum

170 1474 456 1536 fragmenta
510 1489 570 1520 ex
622 1472 953 1535 Hippiatricis
1008 1475 1060 1521 et
1112 1472 1326 1536 Vegetio
1388 1472 1599 1520 collecta
1653 1471 1862 1520 editioni

170 1546 407 1596 subiunxi
446 1540 803 1613 (471—508).
875 1546 961 1595 sed
990 1563 1053 1595 ne
1085 1548 1366 1595 ceterorum
1396 1545 1601 1608 quidem
1638 1545 1862 1608 capitum

170 1622 370 1670 servata
402 1635 508 1669 esse
533 1620 700 1668 omnia
727 1621 907 1669 docent
937 1621 1221 1685 fragmenta
1251 1622 1510 1669 474—47
1521 1623 1548 1668 7
1578 1614 1860 1685 (referenda

170 1695 235 1743 ad
281 1710 385 1757 cap.
424 1689 542 1760 VI),
589 1696 720 1758 481,
761 1696 892 1759 484,
933 1697 1062 1758 486,
1103 1697 1233 1759 487,
1273 1696 1402 1757 488,
1443 1696 1574 1757 489,
1621 1696 1752 1757 490,
1798 1693 1859 1742 de

171 1767 355 1831 quibus
385 1767 500 1818 vide
533 1784 660 1831 quae
693 1768 933 1818 adnotata
965 1772 1084 1817 sunt
1113 1769 1167 1817 in
1191 1768 1561 1818 commentario.
1611 1768 1665 1815 in
1697 1767 1860 1830 capite

172 1842 235 1890 de
273 1841 462 1892 ventris
502 1841 672 1890 dolore
710 1842 810 1890 VII
857 1858 971 1890 eum
1010 1843 1145 1891 dicat
1192 1836 1351 1908 (115)
1389 1842 1551 1906 primo
1592 1841 1862 1906 diligenter

170 1916 315 1980 signa
351 1915 660 1977 inspicienda
699 1931 827 1980 esse,
875 1916 1052 1965 dehinc
1089 1919 1241 1980 prout
1280 1917 1502 1980 exegerit
1538 1915 1705 1978 passio
1743 1932 1860 1979 pro-

171 1989 404 2037 mendam
443 1989 766 2054 medicinam,
806 1990 1064 2053 signorum
1104 1992 1472 2040 enarrationem
1503 1990 1742 2038 excidisse
1773 2006 1859 2052 ap-

168 2065 327 2126 paret.
397 2063 564 2125 capita
602 2066 663 2111 ut
700 2080 833 2112 nunc
872 2064 925 2112 in
963 2064 1291 2115 Riccardiano
1329 2066 1573 2129 leguntur
1602 2062 1859 2112 distribuit

170 2137 213 2184 is
255 2137 342 2200 qui
381 2152 441 2183 ex
479 2137 674 2186 duobus
713 2138 968 2186 codicibus
1000 2142 1338 2188 commentum
1369 2139 1492 2187 artis
1523 2137 1857 2188 veterinariae

170 2210 509 2274 concinnavit,
549 2212 764 2259 eundem
795 2213 1033 2261 lemmata
1065 2214 1290 2276 capitum
1320 2215 1563 2262 formasse
1599 2211 1857 2275 probabile

170 2286 260 2348 est,
286 2284 534 2332 addidisse
552 2285 797 2347 imprimis
814 2285 943 2335 illud
960 2290 1030 2336 ait
1045 2281 1130 2353 (ef.
1149 2304 1254 2350 cap.
1274 2288 1338 2336 II.
1355 2288 1440 2335 VI.
1458 2286 1570 2335 VII.
1583 2286 1709 2334 VIII
1725 2282 1858 2352 cet).

295 2471 338 2525 1)
371 2470 428 2514 cf.
453 2469 635 2527 Ephem
659 2470 806 2527 epigr.
832 2470 897 2514 IV
919 2485 963 2526 p.
983 2475 1083 2515 280.
1126 2471 1312 2515 Seeck
1298 2487 1347 2515 m
1371 2472 1572 2516 Hermae
1596 2472 1690 2518 vol.
1707 2471 1858 2516 XVIII

169 2545 215 2586 p.
241 2534 326 2574 297
354 2530 403 2574 et
425 2528 610 2586 Proleg.
635 2530 746 2575 edit.
773 2529 1034 2585 Symmach.
1066 2546 1110 2587 p.
1126 2529 1256 2575 CCII.
1283 2529 1422 2576 CCIII
1454 2531 1676 2588 (Monum.
1703 2531 1856 2576 Germ.

169 2587 278 2635 hist.
311 2589 447 2633 Auct.
480 2545 626 2644 antiq.
658 2588 722 2632 V1
757 2590 815 2644 1).

291 2649 339 2704 2)
370 2647 579 2692 Litori‘ni
609 2661 868 2714 cognomen
900 2647 1240 2692 Hirschfeldius
1279 2648 1398 2704 legit
1426 2648 1477 2692 in
1507 2649 1647 2694 titulo
1678 2649 1859 2695 Narbo·

170 2707 305 2752 nensi
338 2706 460 2752 CIL.
493 2705 579 2749 XII
611 2710 729 2751 4510
762 2705 933 2750 litteris
964 2705 1138 2762 scripto
1171 2707 1346 2751 saeculi
1376 2707 1529 2764 primi.

291 2767 336 2823 3)
367 2766 507 2822 Hipp
534 2770 620 2809 303
652 2765 856 2809 tradItur
879 2762 1125 2810 Ιππασίου
1150 2763 1335 2810 Ἠλείου
1367 2766 1620 2823 σύνταγμα.
1668 2768 1758 2810 etsi
1789 2767 1857 2811 fa-

172 2823 255 2868 cili
284 2825 546 2869 mutatione
579 2824 720 2869 scribi
751 2824 903 2881 possit
926 2822 1206 2882 Ἱππάρχου,
1238 2827 1286 2869 111
1315 2826 1450 2870 tanta
1479 2825 1857 2870 testimoniorum

175 2883 372 2940 penuria
401 2884 609 2939 praestat
638 2898 731 2929 non
762 2884 976 2929 recedere
1009 2899 1038 2928 a
1070 2885 1301 2942 scriptura
1330 2885 1518 2929 tradita.
