2060 3232
891 108 1252 160 -72-

120 251 213 296 201
344 245 474 294 Item
513 245 612 295 alio
652 261 830 310 genere
870 244 939 292 sic
977 243 1152 292 facies:
1197 241 1342 291 fflicis
1387 243 1605 292 radicem
1651 246 1702 292 et
1747 260 1920 294 ervum

233 319 499 369 contundis
538 320 591 367 in
628 319 732 382 pilo
773 322 824 367 61
860 317 1011 366 ficum
1055 317 1233 365 Afram
1279 318 1331 365 et
1379 317 1449 366 sic
1493 317 1664 365 uteris
1729 319 1805 365 est
1840 333 1918 367 res

230 393 519 443 certissima.

122 472 218 519 202
347 467 476 515 Item
531 467 594 515 ad
645 466 845 514 flemina
907 464 1237 513 discutienda.
1294 463 1376 512 fici
1431 464 1677 528 radicem,
1732 478 1918 529 ervum,

234 541 508 605 axungiam
545 542 778 603 veterem,
818 541 1016 587 acetum
1048 553 1181 586 acre:
1219 537 1320 585 line
1351 537 1404 584 in
1434 537 1642 586 linteolo
1682 540 1733 586 et
1762 539 1916 587 utere.
1964 549 1986 583 5

115 621 212 668 203
339 614 419 662 Ad
456 614 655 662 flemina
699 611 935 661 tollenda.
1009 611 1196 672 sinapis
1234 610 1559 658 Alexandrini
1589 610 1742 674 selib.‚
1772 606 1917 674 <nas-

226 688 379 736 turcii
432 686 756 735 Alexandrini
811 682 1008 749 selib.>,
1061 684 1143 732 fici
1181 684 1335 732 Afrae
1377 679 1522 750 <->
1566 684 1632 749 11,
1671 685 1917 749 axungiae

224 762 407 811 veteris
446 761 598 826 selib.,
638 760 766 810 aceti
812 759 974 822 scripl.
1007 759 1070 806 H.

540 952 649 1000 ΧΠ.
713 952 800 999 Ad
846 950 1179 1013 suspirium
1224 950 1463 1012 pecoris
1511 950 1610 998 ait.

114 1064 211 1110 204
338 1055 823 1104 Periculosissimum
853 1054 1036 1103 vitium
1074 1055 1170 1117 est,
1209 1053 1383 1101 malim
1427 1053 1480 1100 id
1523 1053 1674 1101 multi
1719 1056 1916 1118 vocant,
1941 1065 1984 1097 10

226 1129 369 1177 cuius
410 1145 592 1192 genera
630 1126 703 1190 [in
736 1128 836 1176 alio
869 1130 920 1176 61
951 1127 1041 1175 sic:
1082 1127 1147 1175 ad
1175 1127 1376 1175 flemina
1407 1127 1652 1176 tollenda:
1691 1119 1930 1176 nasturci

224 1202 552 1250 Alexandrini
591 1201 743 1265 561111,
774 1201 855 1249 fici
893 1201 1047 1249 Afrae
1080 1226 1149 1233 —-
1181 1200 1248 1264 Π,
1281 1200 1527 1265 axungiae
1566 1201 1750 1250 veteris
1783 1201 1916 1264 5611)Ἰ

226 1275 356 1324 30611
395 1291 517 1338 scrp.
543 1274 622 1339 Π]
660 1274 837 1324 Graeci
867 1275 941 1322 ita
972 1274 1206 1323 dividunt
1238 1271 1486 1338 ἀρθρῖτιν,
1528 1272 1705 1341 ὑγρὰν,
1742 1273 1916 1340 ξηρὰν,

225 1347 423 1414 λευκὴν,
449 1346 700 1413 μέλαιναν,
727 1365 854 1412 quae
878 1348 1051 1397 Latini
1082 1348 1417 1412 articularem,
1448 1348 1687 1413 umidam,
1720 1349 1915 1414 siccam,

227 1423 407 1487 albam,
447 1423 645 1487 nigram
676 1423 946 1485 appellant.
1010 1422 1155 1487 signa
1186 1421 1294 1470 eius
1324 1422 1452 1470 talia
1491 1424 1619 1471 sunt.
1669 1424 1778 1472 toto
1811 1438 1914 1472 cor·
1941 1431 1983 1464 15
2056 1439 2057 1442 ¹

222 1513 342 1559 pore
391 1497 627 1560 concidit,
682 1497 888 1545 naribus
934 1497 1098 1545 reddit
1143 1496 1317 1544 umida
1373 1499 1424 1545 61
1470 1512 1657 1559 aquam
1701 1497 1916 1545 multam

223 1570 364 1634 bibit,
405 1571 558 1618 tussit
589 1570 781 1619 duriter
812 1573 862 1619 et
892 1570 1130 1634 restertit⁷
1171 1570 1423 1619 claudicat
1452 1570 1662 1633 pedibus
1694 1571 1915 1636 alternis,

223 1644 472 1692 furfurem
512 1661 570 1692 ex
610 1644 817 1693 auribus
854 1644 1018 1692 reddit
1056 1660 1240 1707 easque
1271 1644 1502 1693 flaccidas
1541 1644 1685 1708 gerit,
1725 1645 1916 1694 corium

225 1718 333 1766 eius
372 1719 502 1766 male
543 1719 656 1767 olet.
719 1718 772 1766 id
803 1718 984 1766 accidit
1022 1734 1138 1766 cum
1167 1718 1416 1780 praeclusi
1455 1720 1574 1766 sunt
1605 1734 1635 1765 a
1667 1719 1914 1767 cruditate

227 1791 384 1839 nimia
429 1793 625 1840 meatus
677 1794 728 1840 et
773 1792 1067 1856 exulcerati,
1122 1808 1222 1841 non
1276 1794 1523 1841 commeat
1567 1792 1816 1840 naturalis
1862 1793 1915 1840 in
1939 1802 1983 1833 20

224 1865 515 1927 pulmonem
553 1865 772 1928 spiritus.
837 1866 1030 1914 curatio
1071 1865 1178 1914 eius
1216 1866 1338 1914 haec
1376 1868 1464 1915 est.
1524 1866 1823 1930 sanguinem
1854 1866 1913 1915 de

225 1938 413 1988 cervice
469 1941 560 1986 aut
609 1939 667 1988 de
714 1940 941 1988 cruribus
987 1939 1131 1988 mitte
1180 1955 1337 2002 eoque
1390 1939 1506 1988 vino
1554 1941 1604 1988 613
1650 1940 1758 1989 0160
1804 1956 1913 2003 per-

224 2012 381 2061 mixto
420 2014 587 2061 totum
626 2028 805 2076 corpus
836 2013 1142 2076 perfricabiS,
1182 2013 1357 2062 deinde
1393 2014 1661 2078 tracanthi,
1699 2029 1913 2078 murrae,

226 2086 355 2133 turis
389 2086 559 2135 obolos
590 2086 734 2136 binos
757 2087 986 2135 miscebis
1012 2087 1094 2136 ovi
1118 2086 1231 2135 albo
1257 2087 1551 2150 adiectaque
1585 2103 1718 2150 aqua
1748 2088 1914 2136 mulsa

222 2176 312 2221 per
366 2175 420 2208 os
474 2160 719 2209 infundes.
790 2161 930 2209 cibus
977 2161 1023 2209 ei
1062 2177 1268 2225 gramen
1315 2161 1411 2210 erit
1463 2163 1514 2209 et
1557 2161 1750 2210 Medica
1793 2162 1911 2211 vino
1937 2171 1981 2203 25

222 2229 347 2297 <61>
388 2234 496 2283 0160
529 2234 697 2282 infusa
728 2235 1068 2297 hordeumque
1099 2233 1358 2297 pinsitum.
1421 2236 1501 2284 vel
1534 2235 1687 2283 etiam
1717 2235 1910 2284 lactans

222 2307 468 2355 occiditur
506 2308 713 2371 eiusque
751 2308 992 2357 interiora
1029 2310 1316 2372 purgantur
1365 2311 1517 2371 atque
1563 2308 1638 2357 ita
1676 2324 1810 2372 aqua
1849 2309 1913 2357 ad

222 2380 487 2428 dimidium
510 2382 808 2444 decoquitur
839 2382 1032 2430 adiecto
1056 2382 1189 2431 nitro
1221 2383 1286 2430 ad
1315 2383 1518 2431 modum
1543 2384 1594 2431 et
1622 2383 1912 2445 hyoscyami

223 2455 274 2501 61
329 2455 584 2516 sulphuris
637 2455 742 2506 vivi
796 2456 1003 2520 dragma
1051 2471 1176 2503 una:
1235 2472 1363 2518 quae
1425 2457 1590 2505 colata
1638 2457 1913 2505 miscentur

346 2614 369 2652 1
403 2612 583 2669 ervum]
616 2610 809 2655 herbam
833 2611 850 2667 11
873 2615 900 2654 4
923 2611 1111 2655 flemina
1128 2610 1422 2655 discutienda
1448 2612 1455 2666 1
1482 2610 1674 2655 herbum
1701 2613 1716 2668 ΙΙ
1741 2618 1766 2656 5
1782 2611 1880 2655 11113
1907 2612 1910 2669 1

224 2673 250 2712 6
269 2669 500 2727 tollenda]
519 2669 763 2726 ponienda
786 2671 860 2725 (cf.
873 2673 985 2721 204)
1009 2671 1025 2727 ΙΙ
1049 2669 1157 2714 7fici
1183 2671 1347 2726 scripsi
1356 2687 1368 2711 .-
1384 2669 1559 2728 fecleR
1582 2671 1597 2724 n
1621 2674 1646 2713 9
1667 2669 1886 2714 PECORI
1906 2670 1911 2729 Ι

224 2731 279 2770 13
313 2730 481 2784 apopei
512 2728 583 2773 tin
635 2729 829 2772 ΥΤΡΑΝ
877 2728 1627 2772 ΞΗΡΑΝΑΟΥΚΗΝΑΒΕΛΒΙΝΑΝ
1667 2730 1803 2784 ane
1841 2728 1908 2774 la-

222 2786 350 2829 tinae
380 2788 567 2843 (rectius
597 2788 863 2832 Politianus
892 2789 945 2831 in
974 2789 1198 2845 maryine)
1224 2789 1238 2845 11
1273 2791 1327 2831 19
1368 2787 1471 2832 0100
1511 2786 1581 2831 tid
1606 2788 1621 2843 ΙΙ
1646 2791 1699 2831 22
1741 2790 1907 2844 eoque]

223 2844 413 2899 eiusque
444 2846 491 2890 R
547 2849 627 2901 (an
658 2845 849 2903 eique?)
887 2846 903 2902 ΙΙ
942 2851 997 2890 23
1046 2845 1281 2900 tracanthi
1327 2859 1509 2901 myrrae
1555 2849 1570 2903 ΙΙ
1623 2851 1679 2890 25
1726 2846 1909 2891 Medica

222 2904 411 2959 scripsi:
442 2904 625 2949 modico
649 2906 745 2962 1126
776 2905 956 2950 13013115
985 2906 1174 2961 scripsi:
1204 2904 1387 2950 iactans
