2060 3232
814 137 1213 191 —185—

177 268 319 313 mixto
358 267 660 322 confricanda
690 266 1009 324 (perfricanda
1039 266 1190 322 Corb.)
1221 270 1297 311 est,
1337 271 1444 324 post
1466 269 1715 325 sulphuris,
1746 271 1862 316 bitu-

177 328 338 381 minis,
387 327 508 382 picis
553 326 777 382 liquidae,
823 328 1055 383 axunqiae
1098 326 1272 379 veteris,
1318 326 1412 371 sevi
1456 329 1666 383 caprini,
1714 342 1861 384 cerae,

182 386 401 431 aluminis
445 386 576 430 scissi
611 385 821 453 singulas
867 385 1012 430 libras
1056 385 1322 439 contundis,
1367 386 1524 430 misces
1569 391 1610 431 et
1654 388 1861 453 decoquis

177 449 218 488 et
246 445 314 489 sic
344 445 520 488 animal
542 444 767 501 perumqis
795 444 849 487 in
877 443 980 488 sole.
1044 443 1284 487 coniunxit
1308 418 1459 500 ’igitur
1488 457 1593 488 cum
1625 445 1859 502 superiore

179 502 408 558 remedio,
440 502 564 546 unde
594 502 764 559 petivit
793 501 1005 546 bitumen
1038 503 1087 546 et
1118 502 1380 560 axungiam,

296 561 389 606 361
428 561 544 617 Veg
570 561 612 604 V
638 565 709 618 70,
735 566 759 605 7
799 562 917 616 folia
953 561 1299 618 rhododaphnes
1336 575 1438 607 cum
1477 562 1570 607 oleo
1607 566 1748 607 vetere
1786 564 1861 608 de-

178 632 350 677 coques,
382 621 546 666 addita
574 621 675 676 pice
706 621 885 678 liquida
917 624 958 664 et
989 625 1112 666 aceto
1143 625 1184 665 et
1214 634 1330 667 cera
1377 624 1546 666 certum
1569 626 1634 666 est
1655 622 1709 666 de
1733 635 1861 678 expe-

179 681 371 724 rimento
401 680 659 724 remedium.

299 738 393 783 362
425 737 610 785 Eumeli
639 740 713 782 est
741 737 885 794 Hipp.
911 742 996 783 189
1029 739 1104 795 (=-
1132 739 1194 782 M
1227 743 1282 782 53
1316 738 1438 796 σοξ)
1472 745 1654 796 φρῦνον
1679 738 1862 795 σφάξας

180 796 296 853 μετὰ
337 798 468 842 οἴνου
508 796 590 841 καὶ
626 796 798 847 ὕδατος
837 794 888 841 ἐν
927 798 1123 856 χαλκείῳ
1164 794 1342 854 εψησον
1381 797 1462 841 καὶ
1503 803 1565 857 τῷ
1611 796 1865 871 ἀποζέματι

178 856 322 900 αὐτοῦ
355 855 459 911 ἤτοι
490 860 552 914 τῷ
586 853 716 912 ἰχῶρι
742 852 960 912 ἐνάλειφε
986 857 1063 913 (cf.
1089 870 1228 912 supra
1245 860 1363 912 356),
1396 854 1424 911 ἢ
1457 858 1597 930 πίσσῃ
1630 857 1746 914 μετὰ
1785 855 1863 913 με’-

180 917 305 965 λιτος
335 914 416 959 καὶ
446 916 585 959 θείου
618 913 802 971 ἀπύρου
834 914 916 959 καὶ
948 910 1106 958 ἐλαίου
1137 918 1341 959 παλαιοῦ
1372 915 1537 972 τρυγὸς
1572 902 1656 959 καὶ
1677 917 1865 991 προβα-

177 975 305 1024 τείας
335 973 513 1046 κόπρου
546 969 657 1028 (olei
686 974 841 1018 faeces
874 976 923 1018 et
954 977 1129 1018 stercus
1163 973 1353 1018 suillum
1384 975 1435 1017 in
1466 978 1572 1030 353)
1604 974 1698 1019 ἀνὰ
1727 977 1862 1033 τρίχα

181 1032 427 1108 ἀπότριβε,
458 1030 488 1087 ’ἢ
532 1031 772 1088 ἄσφαλτον
803 1033 885 1077 καὶ
915 1030 1136 1104 κεδρέαν
1136 1032 1270 1105 μετὰ
1311 1033 1506 1093 λιβάνου
1546 1034 1744 1091 ἀλεύρου
1784 1035 1864 1078 καὶ

181 1092 527 1165 ἀριστολοχείας
543 1091 626 1135 καὶ
647 1093 807 1148 νίτρου
832 1091 926 1136 ἀνὰ
949 1100 1004 1148 γὸ
1031 1091 1095 1150 β’,
1120 1089 1148 1146 ἢ
1175 1092 1547 1165 (inserendumne
1560 1095 1628 1138 vel
1639 1094 1685 1149 ,9)
1699 1094 1865 1149 πίσσης

180 1151 325 1207 υγρᾶς
356 1159 412 1207 γᾶ
440 1148 507 1206 ἓξ,
541 1146 699 1194 ἐλαίου
732 1149 794 1204 ξέ.
829 1151 876 1210 β’
911 1150 1026 1207 μετὰ
1058 1150 1192 1204 ὄξους
1230 1149 1293 1204 ξέ.
1342 1146 1447 1202 ἕνὸς
1484 1151 1681 1208 ἡμίσεως
1718 1155 1866 1196 καθε-

175 1209 333 1265 ψήσας
369 1210 420 1254 τὸ
461 1209 575 1254 αυτὸ
592 1211 766 1283 ποίει,
805 1209 1032 1282 πρότερον
1071 1210 1122 1254 τὸ
1163 1207 1312 1267 δέρμα
1336 1209 1547 1284 ψήκτρα
1584 1209 1613 1266 ἢ
1653 1210 1860 1270 ὀστράκῳ

176 1269 433 1325 ἀναδείρας
463 1269 544 1313 καὶ
584 1264 890 1326 ἕκτραχύνας,
923 1266 951 1324 ἢ
984 1268 1220 1325 καλάμους
1258 1268 1436 1320 καύσας
1473 1257 1626 1329 λαβὼν
1658 1271 1748 1328 πρὸ
1779 1277 1861 1314 τοῦ

176 1331 484 1402 τεφρωθῆναι
522 1328 604 1372 καὶ
645 1327 799 1385 κόψας
844 1328 926 1372 καὶ
973 1329 1128 1378 σείσας
1166 1329 1366 1387 κοσκίνῳ
1412 1332 1560 1387 λεπτῷ
1603 1328 1684 1373 καὶ
1729 1330 1864 1386 μίξας

178 1385 335 1431 ἔλαιον
367 1387 462 1431 ἀνὰ
491 1389 626 1445 τρίχα
657 1387 892 1445 κατάχριε.
941 1387 1175 1432 adduntur
1207 1386 1315 1431 alia.

298 1449 609 1502 contraque
640 1446 819 1503 pilum
850 1448 1163 1490 iumentum
1194 1446 1422 1503 unguis]
1455 1445 1514 1490 cf.
1539 1444 1654 1502 Veg.
1682 1447 1813 1502 V70,
1832 1453 1856 1491 7

177 1507 434 1550 memineris
465 1510 615 1550 tamen
652 1506 705 1550 in
735 1506 860 1551 omni
897 1507 1110 1550 unctione
1147 1509 1308 1550 contra
1345 1506 1496 1562 pilum
1532 1506 1783 1551 iumentum
1812 1507 1866 1550 in

175 1565 267 1609 sole
297 1565 550 1609 diutissime
579 1565 943 1620 confricandum.

300 1623 411 1698 Cap.
443 1623 633 1668 XXVII.
694 1623 789 1668 363
834 1624 891 1667 H
928 1629 1014 1667 277
1058 1623 1175 1680 πρὸς
1220 1622 1555 1694 ληθαργικούς·
1627 1619 1862 1680 ἐσήμανάς

179 1698 258 1739 μοι
310 1699 418 1733 τους
480 1683 652 1732 ’ἵππους
713 1696 796 1726 σου
852 1681 1092 1741 βαρυτάτῳ
1154 1679 1437 1738 κατέχεσθαι
1498 1682 1725 1739 νοσήματι
1770 1686 1862 1728 κτλ

180 1743 243 1785 Μ
273 1745 358 1785 109
391 1741 480 1785 ωα’
488 1776 497 1786 .
563 1742 621 1787 cf.
645 1741 762 1798 Veg.
787 1741 830 1785 V
852 1746 999 1797 47,1:
1048 1742 1286 1799 letharyici
1331 1755 1503 1798 quoque
1540 1743 1733 1787 iumenti
1769 1744 1861 1786 ista

179 1805 287 1845 sunt
309 1802 457 1858 siqna.
505 1801 671 1845 iacebit
699 1814 869 1857 semper
900 1805 941 1845 et
971 1802 1160 1845 dormiet
1201 1813 1283 1844 nec
1321 1801 1471 1844 cibum
1510 1805 1687 1856 appetet
1723 1815 1863 1857 neque

174 1864 362 1917 potum;
393 1874 495 1905 cum
526 1861 773 1905 excitatum
797 1861 955 1915 fuerit,
986 1860 1202 1903 continuo
1233 1864 1517 1917 aqqravatur
1546 1865 1588 1904 et
1617 1874 1663 1904 se
1693 1861 1866 1916 proicit

183 1924 226 1964 et
253 1920 463 1964 macescit
496 1953 505 1963 .
539 1953 550 1963 .
585 1952 596 1963 .
633 1952 643 1963 .
674 1920 795 1975 quod
824 1919 911 1964 hac
941 1919 1119 1963 ratione
1149 1919 1348 1963 curabis.
1392 1919 1665 1963 substernito
1695 1919 1748 1962 in
1769 1923 1861 1963 sta-

180 1978 286 2023 bulo
324 1979 407 2022 ubi
444 1982 639 2023 stratum
677 1978 848 2022 cubet.
927 1982 995 2031 .§
1022 1983 1047 2022 6
1087 1978 1384 2034 letharqicum
1421 1978 1598 2022 animal
1634 1978 1861 2034 frequenti

178 2038 450 2083 excitatione
495 2037 830 2093 prohibendum
882 2041 1060 2082 constat
1113 2051 1141 2081 α
1195 2049 1364 2080 somno
1448 2037 1638 2081 assidua
1690 2050 1861 2094 quoque

177 2096 467 2155 iniwnyenda
505 2100 570 2140 est
606 2097 935 2152 deambulatio,
971 2097 1014 2140 si
1051 2099 1158 2140 ante
1195 2108 1344 2140 omnes
1374 2096 1514 2151 pedes
1551 2096 1649 2139 eius
1685 2096 1862 2140 miseris

179 2156 231 2199 in
260 2157 507 2210 fomentum
540 2156 823 2210 (ambulatio,
853 2156 896 2199 si
925 2159 1031 2199 ante
1061 2167 1212 2199 omnes
1235 2154 1374 2222 pedes
1402 2154 1579 2198 miseris
1608 2155 1859 2199 iumentum

182 2213 347 2271 Corb..)
393 2228 503 2258 nam
533 2215 744 2269 fua-fures
772 2214 866 2258 sale
896 2219 938 2258 et
969 2218 1092 2258 aceto
1117 2213 1360 2270 permisces
1391 2216 1432 2257 et
1462 2213 1654 2257 calentes
1675 2213 1863 2269 unyulis

178 2274 377 2330 imponis
409 2273 627 2330 (adpones
658 2271 828 2329 Corb..)
888 2273 1096 2327 farinam
1135 2285 1308 2329 quoque
1346 2272 1568 2316 triticeam
1608 2286 1709 2316 cum
1739 2273 1863 2316 tritis

178 2332 354 2376 salibus
383 2337 425 2377 et
427 2345 612 2405 poscae
641 2333 842 2376 seaetario
872 2345 967 2376 uno
996 2332 1211 2386 faucibus
1247 2331 1466 2385 infundes
1497 2328 1863 2387 (προποτιζέσθω

181 2390 233 2434 δὲ
258 2390 354 2503 iugi
377 2389 506 2465 πόμα
550 2389 804 2447 δεχόμενον
846 2391 1018 2447 πίτυρα
1058 2391 1210 2435 σίτινα
1249 2389 1330 2433 καὶ
1369 2388 1483 2440 άλας
1522 2389 1637 2446 μετὰ
1668 2389 1865 2447 ὀξυκρά-

178 2465 260 2494 του
321 2465 341 2492 ε
555 2484 563 2493 .

301 2510 350 2552 si
380 2450 879 2578 afiniffquaituorp
890 2509 1021 2553 edes
1052 2507 1179 2567 (in)
1202 2508 1512 2552 fomentum
1537 2535 1592 2540 —
1616 2507 1862 2566 miseris]

180 2570 397 2625 expectes
442 2568 485 2612 si
530 2572 635 2613 ante
679 2567 801 2627 (in)
833 2524 970 2611 IPIII
1002 2569 1136 2624 pedes
1173 2568 1423 2622 fomentum
1456 2593 1507 2599 -
1541 2568 1741 2620 miseris,
1781 2567 1863 2610 sed

182 2627 342 2672 obstat
370 2626 561 2683 Vegetii
592 2627 732 2671 lectio
760 2625 1087 2701 (συμβάλλεται
1118 2625 1170 2670 δὲ
1195 2625 1275 2669 καὶ
1307 2626 1358 2670 τὸ
1392 2623 1716 2682 συνεχέστερον
1748 2625 1866 2668 ἀνα-

180 2690 346 2729 πατεῖν
378 2685 459 2729 καὶ
490 2686 598 2737 τοὺς
627 2683 852 2743 τέσσαρας
882 2685 1034 2736 πόδας
1064 2685 1162 2739 ὄξει
1191 2684 1273 2728 καὶ
1296 2684 1507 2741 πιτύροις
1529 2687 1724 2740 θερμοῖς
1747 2684 1866 2726 ἁπο-

177 2760 250 2801 τρι
284 2746 425 2788 εσθαι
454 2745 507 2788 Η

205 2745 394 2847 ρ’β364
431 2805 487 2847 Η
507 2748 598 2848 )277
639 2803 763 2849 ἄλλο.
818 2803 1086 2860 αρτεμισίας
1126 2802 1324 2875 βοτάνης
1369 2801 1520 2852 άνθος
1558 2800 1712 2857 κόψας
1749 2800 1864 2857 μετὰ

185 2857 344 2906 ε’λαίου
388 2861 470 2906 καὶ
514 2862 669 2919 ὀλίγης
712 2868 907 2918 στακτῆς
953 2863 1089 2906 δίδου
1138 2861 1219 2905 δια
1266 2859 1472 2917 κέρατος.
1536 2861 1597 2903 M
1636 2864 1719 2904 109
1762 2859 1866 2918 ωβ’.

185 2922 302 2978 Veg.
328 2921 367 2966 V
393 2925 464 2978 47,
490 2925 518 2964 4
547 2923 728 2967 herbam
766 2921 1062 2967 Artemisiam
1101 2925 1336 2967 contusam
1375 2925 1416 2965 et
1454 2920 1702 2965 cribratam
1733 2919 1866 2964 dabis
