<?xml version="1.0" encoding="UTF-8"?>
<!DOCTYPE html PUBLIC "-//W3C//DTD XHTML 1.0 Transitional//EN"
    "http://www.w3.org/TR/xhtml1/DTD/xhtml1-transitional.dtd">
<html xmlns="http://www.w3.org/1999/xhtml" xml:lang="en" lang="en">
 <head>
  <title>
</title>
<meta http-equiv="Content-Type" content="text/html;charset=utf-8" />
  <meta name='ocr-system' content='tesseract 3.04.00' />
  <meta name='ocr-capabilities' content='ocr_page ocr_carea ocr_par ocr_line ocrx_word'/>
</head>
<body>
  <div class='ocr_page' id='page_1' title='image "artisveterinaria00pelauoft_0145.png"; bbox 0 0 2060 3232; ppageno 0'>
   <div class='ocr_carea' id='block_1_1' title="bbox 814 120 1209 173">
    <p class='ocr_par' dir='ltr' id='par_1_1' title="bbox 814 120 1209 173">
     <span class='ocr_line' id='line_1_1' title="bbox 814 120 1209 173; baseline 0 -1"><span class='ocrx_word' id='word_1_1' title='bbox 814 120 1209 173; x_wconf 81' lang='lat'>—139—</span> 
     </span>
    </p>
   </div>
   <div class='ocr_carea' id='block_1_2' title="bbox 151 247 1858 1314">
    <p class='ocr_par' dir='ltr' id='par_1_2' title="bbox 168 247 1858 366">
     <span class='ocr_line' id='line_1_2' title="bbox 170 247 1858 309; baseline 0.002 -13"><span class='ocrx_word' id='word_1_2' title='bbox 170 251 352 296; x_wconf 85' lang='lat' dir='ltr'><strong><em>Galliae</em></strong></span> <span class='ocrx_word' id='word_1_3' title='bbox 384 249 592 305; x_wconf 65' lang='lat' dir='ltr'><strong><em>civitate,</em></strong></span> <span class='ocrx_word' id='word_1_4' title='bbox 622 247 867 293; x_wconf 76' lang='lat' dir='ltr'><strong><em>Ponticum</em></strong></span> <span class='ocrx_word' id='word_1_5' title='bbox 901 261 926 293; x_wconf 91' lang='lat' dir='ltr'>e</span> <span class='ocrx_word' id='word_1_6' title='bbox 956 248 1122 294; x_wconf 88' lang='lat' dir='ltr'>Ponto.</span> <span class='ocrx_word' id='word_1_7' title='bbox 1172 248 1349 294; x_wconf 91' lang='lat' dir='ltr'>Colum.</span> <span class='ocrx_word' id='word_1_8' title='bbox 1376 249 1441 293; x_wconf 92' lang='lat' dir='ltr'><strong><em>VI</em></strong></span> <span class='ocrx_word' id='word_1_9' title='bbox 1465 254 1521 296; x_wconf 88' lang='lat'>25</span> <span class='ocrx_word' id='word_1_10' title='bbox 1553 253 1708 309; x_wconf 81' lang='lat' dir='ltr'><strong><em>(herba</em></strong></span> <span class='ocrx_word' id='word_1_11' title='bbox 1731 253 1858 299; x_wconf 77' lang='lat' dir='ltr'><strong><em>San-</em></strong></span> 
     </span>
     <span class='ocr_line' id='line_1_3' title="bbox 168 307 1854 366; baseline 0.002 -11"><span class='ocrx_word' id='word_1_12' title='bbox 168 313 355 366; x_wconf 70' lang='lat' dir='ltr'><strong><em>tonica).</em></strong></span> <span class='ocrx_word' id='word_1_13' title='bbox 418 309 562 354; x_wconf 87' lang='lat' dir='ltr'><strong><em>Scrib.</em></strong></span> <span class='ocrx_word' id='word_1_14' title='bbox 594 309 733 364; x_wconf 83' lang='lat' dir='ltr'>Larg.</span> <span class='ocrx_word' id='word_1_15' title='bbox 769 311 875 362; x_wconf 81' lang='lat'>1413</span> <span class='ocrx_word' id='word_1_16' title='bbox 924 308 1038 364; x_wconf 89' lang='lat' dir='ltr'>Veg.</span> <span class='ocrx_word' id='word_1_17' title='bbox 1065 309 1105 352; x_wconf 95' lang='lat' dir='ltr'><strong>V</strong></span> <span class='ocrx_word' id='word_1_18' title='bbox 1130 312 1208 364; x_wconf 99' lang='lat'><strong><em>54,</em></strong></span> <span class='ocrx_word' id='word_1_19' title='bbox 1235 312 1276 352; x_wconf 94' lang='grc'><strong><em>7.</em></strong></span> <span class='ocrx_word' id='word_1_20' title='bbox 1340 307 1404 352; x_wconf 85' lang='lat' dir='ltr'><strong><em>VI</em></strong></span> <span class='ocrx_word' id='word_1_21' title='bbox 1441 314 1516 365; x_wconf 88' lang='grc'><strong><em>10,</em></strong></span> <span class='ocrx_word' id='word_1_22' title='bbox 1543 316 1583 355; x_wconf 90' lang='grc'><strong><em>2.</em></strong></span> <span class='ocrx_word' id='word_1_23' title='bbox 1646 312 1854 359; x_wconf 78' lang='lat' dir='ltr'><strong><em>Marcell.</em></strong></span> 
     </span>
    </p>

    <p class='ocr_par' dir='ltr' id='par_1_3' title="bbox 163 388 1855 723">
     <span class='ocr_line' id='line_1_4' title="bbox 287 388 1855 484; baseline 0.001 -10"><span class='ocrx_word' id='word_1_24' title='bbox 287 388 346 474; x_wconf 77' lang='grc'><strong><em>17</em></strong></span> <span class='ocrx_word' id='word_1_25' title='bbox 384 429 443 472; x_wconf 89' lang='lat' dir='ltr'><em>M</em></span> <span class='ocrx_word' id='word_1_26' title='bbox 466 432 521 471; x_wconf 84' lang='grc'><strong><em>21</em></strong></span> <span class='ocrx_word' id='word_1_27' title='bbox 554 425 631 474; x_wconf 88' lang='grc' dir='ltr'><strong><em>νς’</em></strong></span> <span class='ocrx_word' id='word_1_28' title='bbox 667 423 826 482; x_wconf 77' lang='grc' dir='ltr'><strong><em>ἕτερον</em></strong></span> <span class='ocrx_word' id='word_1_29' title='bbox 857 425 974 481; x_wconf 85' lang='grc' dir='ltr'><strong><em>πρὸς</em></strong></span> <span class='ocrx_word' id='word_1_30' title='bbox 1004 425 1132 469; x_wconf 77' lang='grc' dir='ltr'><strong><em>αὐτό.</em></strong></span> <span class='ocrx_word' id='word_1_31' title='bbox 1182 424 1228 470; x_wconf 84' lang='grc' dir='ltr'><strong><em>εἰ</em></strong></span> <span class='ocrx_word' id='word_1_32' title='bbox 1248 425 1300 470; x_wconf 80' lang='grc' dir='ltr'><strong><em>δὲ</em></strong></span> <span class='ocrx_word' id='word_1_33' title='bbox 1326 425 1446 471; x_wconf 80' lang='grc' dir='ltr'><strong><em>αὐτὰ</em></strong></span> <span class='ocrx_word' id='word_1_34' title='bbox 1469 426 1528 471; x_wconf 81' lang='grc' dir='ltr'><strong><em>τὰ</em></strong></span> <span class='ocrx_word' id='word_1_35' title='bbox 1552 427 1711 484; x_wconf 78' lang='grc' dir='ltr'><strong><em>ἄρθρα</em></strong></span> <span class='ocrx_word' id='word_1_36' title='bbox 1735 431 1855 475; x_wconf 82' lang='grc' dir='ltr'><strong><em>ἀπο-</em></strong></span> 
     </span>
     <span class='ocr_line' id='line_1_5' title="bbox 166 481 1855 562; baseline 0.001 -30"><span class='ocrx_word' id='word_1_37' title='bbox 166 487 484 562; x_wconf 85' lang='grc' dir='ltr'><strong><em>σκληρύνεται,</em></strong></span> <span class='ocrx_word' id='word_1_38' title='bbox 516 486 730 559; x_wconf 76' lang='grc' dir='ltr'><em>γίνωσκε</em></span> <span class='ocrx_word' id='word_1_39' title='bbox 742 485 794 529; x_wconf 88' lang='grc' dir='ltr'><strong><em>τὸ</em></strong></span> <span class='ocrx_word' id='word_1_40' title='bbox 828 486 943 538; x_wconf 84' lang='grc' dir='ltr'><strong><em>ζῶον</em></strong></span> <span class='ocrx_word' id='word_1_41' title='bbox 983 483 1054 529; x_wconf 91' lang='grc' dir='ltr'><strong><em>ότι</em></strong></span> <span class='ocrx_word' id='word_1_42' title='bbox 1093 481 1346 560; x_wconf 76' lang='grc' dir='ltr'><strong><em>ἐλεφαντιᾷ</em></strong></span> <span class='ocrx_word' id='word_1_43' title='bbox 1384 486 1466 530; x_wconf 83' lang='grc' dir='ltr'><strong><em>καὶ</em></strong></span> <span class='ocrx_word' id='word_1_44' title='bbox 1505 489 1646 545; x_wconf 83' lang='grc' dir='ltr'><strong><em>λοιμῷ</em></strong></span> <span class='ocrx_word' id='word_1_45' title='bbox 1686 488 1855 545; x_wconf 79' lang='grc' dir='ltr'><em>κάμνει</em></span> 
     </span>
     <span class='ocr_line' id='line_1_6' title="bbox 169 542 1854 618; baseline 0.001 -28"><span class='ocrx_word' id='word_1_46' title='bbox 169 547 390 601; x_wconf 69' lang='lat' dir='ltr'>(traditur</span> <span class='ocrx_word' id='word_1_47' title='bbox 420 544 511 589; x_wconf 74' lang='grc' dir='ltr'><strong><em>κᾶν</em></strong></span> <span class='ocrx_word' id='word_1_48' title='bbox 542 548 671 618; x_wconf 82' lang='grc' dir='ltr'><strong><em>πνῇ),</em></strong></span> <span class='ocrx_word' id='word_1_49' title='bbox 705 542 818 601; x_wconf 80' lang='grc' dir='ltr'><strong><em>ὅπερ</em></strong></span> <span class='ocrx_word' id='word_1_50' title='bbox 850 543 1164 601; x_wconf 77' lang='grc' dir='ltr'><strong><em>θεραπεύσεις</em></strong></span> <span class='ocrx_word' id='word_1_51' title='bbox 1196 561 1351 596; x_wconf 85' lang='grc' dir='ltr'><strong><em>ουτως.</em></strong></span> <span class='ocrx_word' id='word_1_52' title='bbox 1415 546 1689 603; x_wconf 80' lang='grc' dir='ltr'><strong><em>ἀφαιμάξας</em></strong></span> <span class='ocrx_word' id='word_1_53' title='bbox 1712 548 1854 592; x_wconf 83' lang='grc' dir='ltr'><strong><em>αὐτὸν</em></strong></span> 
     </span>
     <span class='ocr_line' id='line_1_7' title="bbox 165 602 1852 662; baseline 0 -11"><span class='ocrx_word' id='word_1_54' title='bbox 165 603 218 651; x_wconf 75' lang='grc' dir='ltr'><strong><em>ἐκ</em></strong></span> <span class='ocrx_word' id='word_1_55' title='bbox 256 611 348 651; x_wconf 86' lang='grc' dir='ltr'><strong><em>τῶν</em></strong></span> <span class='ocrx_word' id='word_1_56' title='bbox 387 602 768 662; x_wconf 85' lang='grc' dir='ltr'><strong><em>φλεγμαινόντων</em></strong></span> <span class='ocrx_word' id='word_1_57' title='bbox 807 610 959 661; x_wconf 84' lang='grc' dir='ltr'><strong><em>μερῶν</em></strong></span> <span class='ocrx_word' id='word_1_58' title='bbox 1002 606 1095 648; x_wconf 87' lang='grc' dir='ltr'><strong><em>κτλ.</em></strong></span> <span class='ocrx_word' id='word_1_59' title='bbox 1167 605 1269 661; x_wconf 88' lang='lat' dir='ltr'><strong><em>Veg</em></strong></span> <span class='ocrx_word' id='word_1_60' title='bbox 1272 605 1390 649; x_wconf 78' lang='lat' dir='ltr'><strong><em>etius</em></strong></span> <span class='ocrx_word' id='word_1_61' title='bbox 1436 606 1494 649; x_wconf 89' lang='lat' dir='ltr'><strong><em>de</em></strong></span> <span class='ocrx_word' id='word_1_62' title='bbox 1542 605 1852 662; x_wconf 75' lang='lat' dir='ltr'>elephanbiasi</span> 
     </span>
     <span class='ocr_line' id='line_1_8' title="bbox 163 663 1461 723; baseline -0.002 -12"><span class='ocrx_word' id='word_1_63' title='bbox 163 665 308 723; x_wconf 73' lang='lat' dir='ltr'>agitl</span> <span class='ocrx_word' id='word_1_64' title='bbox 334 669 470 720; x_wconf 86' lang='lat'>9.16,</span> <span class='ocrx_word' id='word_1_65' title='bbox 506 666 733 721; x_wconf 78' lang='lat' dir='ltr'><strong><em>Apsyrtue</em></strong></span> <span class='ocrx_word' id='word_1_66' title='bbox 762 664 904 720; x_wconf 87' lang='lat' dir='ltr'>Hipp</span> <span class='ocrx_word' id='word_1_67' title='bbox 931 667 1001 709; x_wconf 91' lang='lat'><strong><em>21.</em></strong></span> <span class='ocrx_word' id='word_1_68' title='bbox 1033 664 1142 707; x_wconf 84' lang='lat' dir='ltr'>vide</span> <span class='ocrx_word' id='word_1_69' title='bbox 1167 663 1334 720; x_wconf 80' lang='lat' dir='ltr'><strong><em>fragm.</em></strong></span> <span class='ocrx_word' id='word_1_70' title='bbox 1359 668 1461 708; x_wconf 87' lang='lat'>452.</span> 
     </span>
    </p>

    <p class='ocr_par' dir='ltr' id='par_1_4' title="bbox 162 679 1851 960">
     <span class='ocr_line' id='line_1_9' title="bbox 281 679 1850 782; baseline 0 -13"><span class='ocrx_word' id='word_1_71' title='bbox 281 725 527 769; x_wconf 72' lang='lat' dir='ltr'><strong><em>tisanam</em></strong></span> <span class='ocrx_word' id='word_1_72' title='bbox 559 737 679 767; x_wconf 88' lang='lat' dir='ltr'><strong><em>cum</em></strong></span> <span class='ocrx_word' id='word_1_73' title='bbox 711 723 911 766; x_wconf 79' lang='lat' dir='ltr'>catulo</span> <span class='ocrx_word' id='word_1_74' title='bbox 943 722 1127 781; x_wconf 85' lang='lat' dir='ltr'>brevi]</span> <span class='ocrx_word' id='word_1_75' title='bbox 1157 679 1465 780; x_wconf 77' lang='grc' dir='ltr'><strong><em>ἐγχυμάτισον</em></strong></span> <span class='ocrx_word' id='word_1_76' title='bbox 1489 727 1657 769; x_wconf 82' lang='grc' dir='ltr'><strong><em>σκῦλον</em></strong></span> <span class='ocrx_word' id='word_1_77' title='bbox 1682 724 1850 782; x_wconf 84' lang='grc' dir='ltr'><strong><em>μικρὸν</em></strong></span> 
     </span>
     <span class='ocr_line' id='line_1_10' title="bbox 163 781 1847 841; baseline 0 -13"><span class='ocrx_word' id='word_1_78' title='bbox 163 783 280 841; x_wconf 80' lang='grc' dir='ltr'><strong><em>μετὰ</em></strong></span> <span class='ocrx_word' id='word_1_79' title='bbox 321 782 572 827; x_wconf 78' lang='grc' dir='ltr'><strong><em>πτισάνων.</em></strong></span> <span class='ocrx_word' id='word_1_80' title='bbox 651 782 835 826; x_wconf 77' lang='lat' dir='ltr'><strong><em>catulus</em></strong></span> <span class='ocrx_word' id='word_1_81' title='bbox 881 781 1037 826; x_wconf 83' lang='lat' dir='ltr'>brevis</span> <span class='ocrx_word' id='word_1_82' title='bbox 1075 781 1199 826; x_wconf 77' lang='lat' dir='ltr'>redit</span> <span class='ocrx_word' id='word_1_83' title='bbox 1243 785 1329 826; x_wconf 90' lang='grc'><strong><em>370</em></strong></span> <span class='ocrx_word' id='word_1_84' title='bbox 1371 783 1447 839; x_wconf 87' lang='lat' dir='ltr'><strong><em>(cf.</em></strong></span> <span class='ocrx_word' id='word_1_85' title='bbox 1473 787 1574 828; x_wconf 89' lang='lat'>204.</span> <span class='ocrx_word' id='word_1_86' title='bbox 1601 788 1701 829; x_wconf 88' lang='lat'>205.</span> <span class='ocrx_word' id='word_1_87' title='bbox 1728 786 1847 841; x_wconf 87' lang='lat'>208).</span> 
     </span>
     <span class='ocr_line' id='line_1_11' title="bbox 165 841 1851 898; baseline 0 -10"><span class='ocrx_word' id='word_1_88' title='bbox 165 843 355 888; x_wconf 82' lang='lat' dir='ltr'><strong><em>Cassius</em></strong></span> <span class='ocrx_word' id='word_1_89' title='bbox 386 841 520 887; x_wconf 83' lang='lat' dir='ltr'>Felix</span> <span class='ocrx_word' id='word_1_90' title='bbox 552 846 608 886; x_wconf 89' lang='grc'><strong><em>36</em></strong></span> <span class='ocrx_word' id='word_1_91' title='bbox 640 841 903 895; x_wconf 75' lang='lat' dir='ltr'><strong><em>infantibus</em></strong></span> <span class='ocrx_word' id='word_1_92' title='bbox 934 841 1207 885; x_wconf 77' lang='lat' dir='ltr'><strong><em>brevissimis</em></strong></span> <span class='ocrx_word' id='word_1_93' title='bbox 1238 842 1538 898; x_wconf 76' lang='lat' dir='ltr'><strong><em>laetantibus,</em></strong></span> <span class='ocrx_word' id='word_1_94' title='bbox 1578 847 1633 886; x_wconf 91' lang='grc'><strong><em>21</em></strong></span> <span class='ocrx_word' id='word_1_95' title='bbox 1667 847 1731 888; x_wconf 82' lang='lat' dir='ltr'><strong><em>est</em></strong></span> <span class='ocrx_word' id='word_1_96' title='bbox 1760 857 1851 888; x_wconf 91' lang='lat' dir='ltr'><strong><em>mo-</em></strong></span> 
     </span>
     <span class='ocr_line' id='line_1_12' title="bbox 162 900 1851 960; baseline 0 -13"><span class='ocrx_word' id='word_1_97' title='bbox 162 902 275 947; x_wconf 79' lang='lat' dir='ltr'><strong><em>lesta</em></strong></span> <span class='ocrx_word' id='word_1_98' title='bbox 313 902 473 960; x_wconf 76' lang='lat' dir='ltr'><strong><em>passio</em></strong></span> <span class='ocrx_word' id='word_1_99' title='bbox 510 901 707 945; x_wconf 80' lang='lat' dir='ltr'><strong><em>maxime</em></strong></span> <span class='ocrx_word' id='word_1_100' title='bbox 744 900 1010 955; x_wconf 78' lang='lat' dir='ltr'><strong><em>infantibus</em></strong></span> <span class='ocrx_word' id='word_1_101' title='bbox 1048 900 1321 945; x_wconf 68' lang='lat' dir='ltr'><strong><em>brevi‘ssimis</em></strong></span> <span class='ocrx_word' id='word_1_102' title='bbox 1367 905 1409 946; x_wconf 84' lang='lat' dir='ltr'><strong><em>et</em></strong></span> <span class='ocrx_word' id='word_1_103' title='bbox 1446 902 1647 947; x_wconf 76' lang='lat' dir='ltr'><strong><em>novellae</em></strong></span> <span class='ocrx_word' id='word_1_104' title='bbox 1685 904 1851 948; x_wconf 78' lang='lat' dir='ltr'><strong><em>aetatis</em></strong></span> 
     </span>
    </p>

    <p class='ocr_par' dir='ltr' id='par_1_5' title="bbox 193 962 324 1006">
     <span class='ocr_line' id='line_1_13' title="bbox 193 962 324 1006; baseline 0.008 -1"><span class='ocrx_word' id='word_1_105' title='bbox 193 962 324 1006; x_wconf 82' lang='lat' dir='ltr'><strong><em>ueris.</em></strong></span> 
     </span>
    </p>

    <p class='ocr_par' dir='ltr' id='par_1_6' title="bbox 151 975 1846 1195">
     <span class='ocr_line' id='line_1_14' title="bbox 151 975 1846 1094; baseline 0 -30"><span class='ocrx_word' id='word_1_106' title='bbox 151 975 190 1019; x_wconf 62' lang='lat' dir='ltr'><em>p</em></span> <span class='ocrx_word' id='word_1_107' title='bbox 277 1019 512 1094; x_wconf 84' lang='lat' dir='ltr'>pulvere</span> <span class='ocrx_word' id='word_1_108' title='bbox 560 1017 959 1075; x_wconf 80' lang='lat' dir='ltr'>quadrigario]</span> <span class='ocrx_word' id='word_1_109' title='bbox 1007 1017 1105 1062; x_wconf 84' lang='lat' dir='ltr'><strong><em>eius</em></strong></span> <span class='ocrx_word' id='word_1_110' title='bbox 1153 1017 1432 1074; x_wconf 79' lang='lat' dir='ltr'>compositio</span> <span class='ocrx_word' id='word_1_111' title='bbox 1481 1023 1582 1064; x_wconf 88' lang='lat'>390.</span> <span class='ocrx_word' id='word_1_112' title='bbox 1660 1020 1723 1063; x_wconf 91' lang='grc' dir='ltr'><strong><em>Μ</em></strong></span> <span class='ocrx_word' id='word_1_113' title='bbox 1758 1020 1846 1064; x_wconf 75' lang='lat' dir='ltr'><strong><em>ita:</em></strong></span> 
     </span>
     <span class='ocr_line' id='line_1_15' title="bbox 159 1076 1848 1136; baseline 0.001 -13"><span class='ocrx_word' id='word_1_114' title='bbox 159 1079 242 1123; x_wconf 85' lang='grc' dir='ltr'><strong><em>καὶ</em></strong></span> <span class='ocrx_word' id='word_1_115' title='bbox 272 1078 388 1136; x_wconf 82' lang='grc' dir='ltr'><strong><em>μετὰ</em></strong></span> <span class='ocrx_word' id='word_1_116' title='bbox 418 1077 593 1134; x_wconf 84' lang='grc' dir='ltr'><strong><em>ταύτην</em></strong></span> <span class='ocrx_word' id='word_1_117' title='bbox 624 1076 709 1134; x_wconf 83' lang='grc' dir='ltr'><strong><em>τὴν</em></strong></span> <span class='ocrx_word' id='word_1_118' title='bbox 741 1077 989 1133; x_wconf 83' lang='grc' dir='ltr'><strong><em>περιοδίαν</em></strong></span> <span class='ocrx_word' id='word_1_119' title='bbox 1021 1076 1307 1133; x_wconf 87' lang='grc' dir='ltr'><strong><em>προπότισον</em></strong></span> <span class='ocrx_word' id='word_1_120' title='bbox 1340 1078 1512 1123; x_wconf 82' lang='lat' dir='ltr'><strong><em>omisso</em></strong></span> <span class='ocrx_word' id='word_1_121' title='bbox 1536 1079 1742 1136; x_wconf 65' lang='lat' dir='ltr'><strong><em>pulveris</em></strong></span> <span class='ocrx_word' id='word_1_122' title='bbox 1765 1094 1848 1124; x_wconf 86' lang='lat' dir='ltr'><strong><em>no-</em></strong></span> 
     </span>
     <span class='ocr_line' id='line_1_16' title="bbox 157 1135 1389 1195; baseline -0.002 -12"><span class='ocrx_word' id='word_1_123' title='bbox 157 1138 281 1183; x_wconf 84' lang='lat' dir='ltr'><strong><em>mine</em></strong></span> <span class='ocrx_word' id='word_1_124' title='bbox 315 1138 494 1195; x_wconf 79' lang='grc' dir='ltr'><strong><em>(ξηρίον</em></strong></span> <span class='ocrx_word' id='word_1_125' title='bbox 526 1135 859 1194; x_wconf 77' lang='grc' dir='ltr'><strong><em>κουδριγοὶριον</em></strong></span> <span class='ocrx_word' id='word_1_126' title='bbox 893 1136 947 1181; x_wconf 86' lang='lat' dir='ltr'><strong><em>cf.</em></strong></span> <span class='ocrx_word' id='word_1_127' title='bbox 974 1135 1115 1192; x_wconf 90' lang='lat' dir='ltr'>Hipp.</span> <span class='ocrx_word' id='word_1_128' title='bbox 1143 1140 1242 1181; x_wconf 87' lang='lat'>295.</span> <span class='ocrx_word' id='word_1_129' title='bbox 1269 1138 1389 1192; x_wconf 88' lang='grc'><strong>305).</strong></span> 
     </span>
    </p>

    <p class='ocr_par' dir='ltr' id='par_1_7' title="bbox 158 1195 1849 1314">
     <span class='ocr_line' id='line_1_17' title="bbox 281 1195 1846 1254; baseline -0.002 -12"><span class='ocrx_word' id='word_1_130' title='bbox 281 1197 343 1242; x_wconf 86' lang='grc'><strong><em>18</em></strong></span> <span class='ocrx_word' id='word_1_131' title='bbox 375 1198 433 1242; x_wconf 90' lang='grc' dir='ltr'><strong>Η</strong></span> <span class='ocrx_word' id='word_1_132' title='bbox 451 1201 509 1241; x_wconf 86' lang='grc'><strong><em>24</em></strong></span> <span class='ocrx_word' id='word_1_133' title='bbox 541 1195 651 1240; x_wconf 78' lang='grc' dir='ltr'><strong><em>ἄλλο</em></strong></span> <span class='ocrx_word' id='word_1_134' title='bbox 684 1197 845 1252; x_wconf 80' lang='grc' dir='ltr'><strong><em>ξηρίον</em></strong></span> <span class='ocrx_word' id='word_1_135' title='bbox 870 1196 1171 1252; x_wconf 87' lang='grc' dir='ltr'><strong><em>Πελαγωνίου</em></strong></span> <span class='ocrx_word' id='word_1_136' title='bbox 1203 1196 1319 1251; x_wconf 87' lang='grc' dir='ltr'><strong><em>πρὸς</em></strong></span> <span class='ocrx_word' id='word_1_137' title='bbox 1349 1196 1523 1253; x_wconf 90' lang='grc' dir='ltr'><strong><em>λοιμόν.</em></strong></span> <span class='ocrx_word' id='word_1_138' title='bbox 1587 1197 1651 1241; x_wconf 89' lang='grc' dir='ltr'><strong>Μ</strong></span> <span class='ocrx_word' id='word_1_139' title='bbox 1671 1201 1723 1240; x_wconf 88' lang='grc'>19</span> <span class='ocrx_word' id='word_1_140' title='bbox 1749 1196 1830 1254; x_wconf 86' lang='grc' dir='ltr'><strong><em>μς’</em></strong></span> <span class='ocrx_word' id='word_1_141' title='bbox 1837 1233 1846 1243; x_wconf 92' lang='grc'><strong>.</strong></span> 
     </span>
     <span class='ocr_line' id='line_1_18' title="bbox 158 1256 1849 1314; baseline 0 -14"><span class='ocrx_word' id='word_1_142' title='bbox 158 1256 279 1314; x_wconf 84' lang='lat' dir='ltr'>Veg.</span> <span class='ocrx_word' id='word_1_143' title='bbox 306 1257 327 1300; x_wconf 95' lang='lat' dir='ltr'>I</span> <span class='ocrx_word' id='word_1_144' title='bbox 353 1261 421 1308; x_wconf 93' lang='grc'><strong><em>17,</em></strong></span> <span class='ocrx_word' id='word_1_145' title='bbox 449 1257 528 1299; x_wconf 92' lang='lat'>15</span> <span class='ocrx_word' id='word_1_146' title='bbox 544 1256 820 1312; x_wconf 69' lang='lat' dir='ltr'><strong><em>Pelayo‘nius</em></strong></span> <span class='ocrx_word' id='word_1_147' title='bbox 854 1256 1068 1300; x_wconf 81' lang='lat' dir='ltr'><strong><em>adversus</em></strong></span> <span class='ocrx_word' id='word_1_148' title='bbox 1098 1267 1248 1299; x_wconf 80' lang='lat' dir='ltr'><strong><em>omues</em></strong></span> <span class='ocrx_word' id='word_1_149' title='bbox 1281 1256 1457 1300; x_wconf 78' lang='lat' dir='ltr'>morbos</span> <span class='ocrx_word' id='word_1_150' title='bbox 1487 1256 1849 1311; x_wconf 70' lang='lat' dir='ltr'><strong><em>efficacissimum</em></strong></span> 
     </span>
    </p>
   </div>
   <div class='ocr_carea' id='block_1_3' title="bbox 56 1315 1846 1373">
    <p class='ocr_par' dir='ltr' id='par_1_8' title="bbox 56 1315 1846 1373">
     <span class='ocr_line' id='line_1_19' title="bbox 56 1315 1846 1373; baseline 0 -13"><span class='ocrx_word' id='word_1_151' title='bbox 56 1367 61 1372; x_wconf 13' lang='grc' dir='ltr'>λ</span> <span class='ocrx_word' id='word_1_152' title='bbox 148 1317 382 1373; x_wconf 77' lang='lat' dir='ltr'><strong><em>pulverem</em></strong></span> <span class='ocrx_word' id='word_1_153' title='bbox 398 1317 541 1360; x_wconf 80' lang='lat' dir='ltr'><strong><em>eredit</em></strong></span> <span class='ocrx_word' id='word_1_154' title='bbox 556 1328 659 1369; x_wconf 88' lang='lat' dir='ltr'><strong><em>esse,</em></strong></span> <span class='ocrx_word' id='word_1_155' title='bbox 682 1316 725 1359; x_wconf 83' lang='lat' dir='ltr'><strong><em>si</em></strong></span> <span class='ocrx_word' id='word_1_156' title='bbox 740 1315 923 1372; x_wconf 77' lang='lat' dir='ltr'><strong><em>pullum</em></strong></span> <span class='ocrx_word' id='word_1_157' title='bbox 940 1315 1142 1359; x_wconf 79' lang='lat' dir='ltr'><strong><em>ciconiae</em></strong></span> <span class='ocrx_word' id='word_1_158' title='bbox 1157 1315 1361 1359; x_wconf 74' lang='lat' dir='ltr'><strong><em>umidum</em></strong></span> <span class='ocrx_word' id='word_1_159' title='bbox 1385 1316 1535 1360; x_wconf 82' lang='lat' dir='ltr'><strong><em>adhuc</em></strong></span> <span class='ocrx_word' id='word_1_160' title='bbox 1555 1320 1748 1360; x_wconf 78' lang='lat' dir='ltr'><strong><em>stantem</em></strong></span> <span class='ocrx_word' id='word_1_161' title='bbox 1769 1317 1846 1360; x_wconf 80' lang='lat' dir='ltr'><strong><em>secl</em></strong></span> 
     </span>
    </p>
   </div>
   <div class='ocr_carea' id='block_1_4' title="bbox 118 1374 1846 2973">
    <p class='ocr_par' dir='ltr' id='par_1_9' title="bbox 143 1374 1846 1834">
     <span class='ocr_line' id='line_1_20' title="bbox 155 1374 1846 1432; baseline -0.001 -12"><span class='ocrx_word' id='word_1_162' title='bbox 155 1377 251 1420; x_wconf 89' lang='lat' dir='ltr'><strong><em>iam</em></strong></span> <span class='ocrx_word' id='word_1_163' title='bbox 266 1376 453 1432; x_wconf 75' lang='lat' dir='ltr'><strong><em>plumas</em></strong></span> <span class='ocrx_word' id='word_1_164' title='bbox 474 1375 708 1419; x_wconf 81' lang='lat' dir='ltr'><em>habentem</em></span> <span class='ocrx_word' id='word_1_165' title='bbox 730 1375 884 1419; x_wconf 84' lang='lat' dir='ltr'><strong><em>vivum</em></strong></span> <span class='ocrx_word' id='word_1_166' title='bbox 905 1374 959 1417; x_wconf 79' lang='lat' dir='ltr'><strong><em>iu</em></strong></span> <span class='ocrx_word' id='word_1_167' title='bbox 981 1375 1222 1419; x_wconf 78' lang='lat' dir='ltr'><strong><em>caccabum</em></strong></span> <span class='ocrx_word' id='word_1_168' title='bbox 1244 1374 1424 1429; x_wconf 73' lang='lat' dir='ltr'><strong><em>fictilem</em></strong></span> <span class='ocrx_word' id='word_1_169' title='bbox 1448 1375 1602 1419; x_wconf 77' lang='lat' dir='ltr'><strong><em>mittas</em></strong></span> <span class='ocrx_word' id='word_1_170' title='bbox 1621 1378 1663 1419; x_wconf 77' lang='lat' dir='ltr'><strong><em>et</em></strong></span> <span class='ocrx_word' id='word_1_171' title='bbox 1683 1387 1846 1432; x_wconf 60' lang='grc' dir='ltr'><strong><em>,αγρεεδ</em></strong></span> 
     </span>
     <span class='ocr_line' id='line_1_21' title="bbox 150 1433 1845 1492; baseline -0.001 -13"><span class='ocrx_word' id='word_1_172' title='bbox 150 1439 476 1492; x_wconf 59' lang='lat' dir='ltr'><strong><em>peric-stumque</em></strong></span> <span class='ocrx_word' id='word_1_173' title='bbox 504 1447 670 1491; x_wconf 80' lang='lat' dir='ltr'><strong><em>vapore</em></strong></span> <span class='ocrx_word' id='word_1_174' title='bbox 700 1434 834 1489; x_wconf 77' lang='lat' dir='ltr'><strong><em>furni</em></strong></span> <span class='ocrx_word' id='word_1_175' title='bbox 863 1434 916 1477; x_wconf 79' lang='lat' dir='ltr'><strong><em>iu</em></strong></span> <span class='ocrx_word' id='word_1_176' title='bbox 940 1433 1174 1490; x_wconf 79' lang='lat' dir='ltr'><strong><em>pulverem</em></strong></span> <span class='ocrx_word' id='word_1_177' title='bbox 1212 1434 1394 1491; x_wconf 70' lang='lat' dir='ltr'><strong><em>redvqas</em></strong></span> <span class='ocrx_word' id='word_1_178' title='bbox 1424 1438 1466 1479; x_wconf 84' lang='lat' dir='ltr'><strong><em>et</em></strong></span> <span class='ocrx_word' id='word_1_179' title='bbox 1503 1434 1665 1479; x_wconf 83' lang='lat' dir='ltr'><strong><em>tritum</em></strong></span> <span class='ocrx_word' id='word_1_180' title='bbox 1702 1435 1845 1480; x_wconf 80' lang='lat' dir='ltr'><strong><em>vitreo</em></strong></span> 
     </span>
     <span class='ocr_line' id='line_1_22' title="bbox 156 1493 1845 1549; baseline -0.001 -11"><span class='ocrx_word' id='word_1_181' title='bbox 156 1506 261 1538; x_wconf 80' lang='lat' dir='ltr'><strong><em>vase</em></strong></span> <span class='ocrx_word' id='word_1_182' title='bbox 277 1494 533 1549; x_wconf 70' lang='lat' dir='ltr'><strong><em>cusrodias;</em></strong></span> <span class='ocrx_word' id='word_1_183' title='bbox 544 1493 719 1549; x_wconf 75' lang='lat' dir='ltr'><strong><em>yraude</em></strong></span> <span class='ocrx_word' id='word_1_184' title='bbox 734 1493 1101 1549; x_wconf 77' lang='lat' dir='ltr'><strong><em>cumulatumque</em></strong></span> <span class='ocrx_word' id='word_1_185' title='bbox 1117 1493 1385 1537; x_wconf 77' lang='lat' dir='ltr'><strong><em>coclearium</em></strong></span> <span class='ocrx_word' id='word_1_186' title='bbox 1402 1506 1503 1538; x_wconf 87' lang='lat' dir='ltr'><strong><em>cum</em></strong></span> <span class='ocrx_word' id='word_1_187' title='bbox 1518 1494 1620 1538; x_wconf 79' lang='lat' dir='ltr'><strong><em>vini</em></strong></span> <span class='ocrx_word' id='word_1_188' title='bbox 1641 1495 1845 1538; x_wconf 77' lang='lat' dir='ltr'><strong><em>sextario</em></strong></span> 
     </span>
     <span class='ocr_line' id='line_1_23' title="bbox 156 1528 1843 1608; baseline -0.001 -11"><span class='ocrx_word' id='word_1_189' title='bbox 156 1554 379 1597; x_wconf 79' lang='lat' dir='ltr'><strong><em>animalis</em></strong></span> <span class='ocrx_word' id='word_1_190' title='bbox 407 1528 624 1608; x_wconf 64' lang='lat' dir='ltr'><strong><em>fauc’ibus</em></strong></span> <span class='ocrx_word' id='word_1_191' title='bbox 653 1552 897 1606; x_wconf 74' lang='lat' dir='ltr'><strong><em>infundas,</em></strong></span> <span class='ocrx_word' id='word_1_192' title='bbox 927 1552 1068 1596; x_wconf 79' lang='lat' dir='ltr'><strong><em>donec</em></strong></span> <span class='ocrx_word' id='word_1_193' title='bbox 1096 1552 1292 1606; x_wconf 78' lang='lat' dir='ltr'><strong><em>recipiat</em></strong></span> <span class='ocrx_word' id='word_1_194' title='bbox 1320 1552 1579 1597; x_wconf 77' lang='lat' dir='ltr'><strong><em>sanitatem.</em></strong></span> <span class='ocrx_word' id='word_1_195' title='bbox 1635 1551 1695 1596; x_wconf 87' lang='lat' dir='ltr'><strong><em>cf.</em></strong></span> <span class='ocrx_word' id='word_1_196' title='bbox 1721 1552 1843 1595; x_wconf 84' lang='lat' dir='ltr'><strong><em>Mar-</em></strong></span> 
     </span>
     <span class='ocr_line' id='line_1_24' title="bbox 152 1609 1843 1668; baseline -0.001 -12"><span class='ocrx_word' id='word_1_197' title='bbox 152 1611 266 1656; x_wconf 83' lang='lat' dir='ltr'><strong><em>celli</em></strong></span> <span class='ocrx_word' id='word_1_198' title='bbox 295 1611 553 1657; x_wconf 86' lang='lat' dir='ltr'><strong><em>remedium</em></strong></span> <span class='ocrx_word' id='word_1_199' title='bbox 577 1615 656 1666; x_wconf 90' lang='lat'><strong><em>29,</em></strong></span> <span class='ocrx_word' id='word_1_200' title='bbox 682 1615 739 1654; x_wconf 94' lang='lat'><strong><em>30</em></strong></span> <span class='ocrx_word' id='word_1_201' title='bbox 779 1611 859 1666; x_wconf 91' lang='lat' dir='ltr'><strong><em>qui</em></strong></span> <span class='ocrx_word' id='word_1_202' title='bbox 898 1610 959 1654; x_wconf 85' lang='lat' dir='ltr'><strong><em>ad</em></strong></span> <span class='ocrx_word' id='word_1_203' title='bbox 997 1610 1090 1655; x_wconf 89' lang='lat' dir='ltr'><strong><em>coli</em></strong></span> <span class='ocrx_word' id='word_1_204' title='bbox 1131 1609 1340 1655; x_wconf 90' lang='lat' dir='ltr'>dolorem</span> <span class='ocrx_word' id='word_1_205' title='bbox 1387 1625 1497 1668; x_wconf 83' lang='lat' dir='ltr'><strong><em>cory</em></strong></span> <span class='ocrx_word' id='word_1_206' title='bbox 1500 1612 1658 1655; x_wconf 85' lang='lat' dir='ltr'><strong><em>dalum</em></strong></span> <span class='ocrx_word' id='word_1_207' title='bbox 1705 1625 1843 1655; x_wconf 83' lang='lat' dir='ltr'><strong><em>avem</em></strong></span> 
     </span>
     <span class='ocr_line' id='line_1_25' title="bbox 153 1627 1843 1728; baseline 0.001 -13"><span class='ocrx_word' id='word_1_208' title='bbox 153 1672 206 1715; x_wconf 82' lang='lat' dir='ltr'><strong><em>id</em></strong></span> <span class='ocrx_word' id='word_1_209' title='bbox 246 1676 310 1716; x_wconf 80' lang='lat' dir='ltr'><strong><em>est</em></strong></span> <span class='ocrx_word' id='word_1_210' title='bbox 348 1685 463 1728; x_wconf 80' lang='lat' dir='ltr'><strong><em>quae</em></strong></span> <span class='ocrx_word' id='word_1_211' title='bbox 501 1671 677 1715; x_wconf 79' lang='lat' dir='ltr'><strong><em>alauda</em></strong></span> <span class='ocrx_word' id='word_1_212' title='bbox 713 1674 925 1725; x_wconf 80' lang='lat' dir='ltr'><strong><em>vocatur,</em></strong></span> <span class='ocrx_word' id='word_1_213' title='bbox 965 1670 1017 1713; x_wconf 79' lang='lat' dir='ltr'><strong><em>in</em></strong></span> <span class='ocrx_word' id='word_1_214' title='bbox 1054 1683 1162 1715; x_wconf 82' lang='lat' dir='ltr'><strong><em>vaso</em></strong></span> <span class='ocrx_word' id='word_1_215' title='bbox 1199 1670 1333 1724; x_wconf 75' lang='lat' dir='ltr'><strong><em>fictili</em></strong></span> <span class='ocrx_word' id='word_1_216' title='bbox 1369 1627 1562 1728; x_wconf 73' lang='lat' dir='ltr'><strong><em>yypsyato</em></strong></span> <span class='ocrx_word' id='word_1_217' title='bbox 1604 1671 1658 1715; x_wconf 84' lang='lat' dir='ltr'><strong><em>iu</em></strong></span> <span class='ocrx_word' id='word_1_218' title='bbox 1700 1671 1843 1725; x_wconf 74' lang='lat' dir='ltr'><strong><em>furno</em></strong></span> 
     </span>
     <span class='ocr_line' id='line_1_26' title="bbox 143 1727 1843 1847; baseline -0.001 -72"><span class='ocrx_word' id='word_1_219' title='bbox 143 1731 301 1847; x_wconf 59' lang='grc' dir='ltr'><strong><em>Ρὲείίο</em></strong></span> <span class='ocrx_word' id='word_1_220' title='bbox 333 1728 544 1833; x_wconf 58' lang='grc' dir='ltr'>οὲωὶηπὶ</span> <span class='ocrx_word' id='word_1_221' title='bbox 572 1728 905 1786; x_wconf 85' lang='lat' dir='ltr'>pulveremque</span> <span class='ocrx_word' id='word_1_222' title='bbox 938 1727 1102 1786; x_wconf 84' lang='lat' dir='ltr'>reponi</span> <span class='ocrx_word' id='word_1_223' title='bbox 1125 1728 1268 1775; x_wconf 72' lang='lat' dir='ltr'>iubet.</span> <span class='ocrx_word' id='word_1_224' title='bbox 1316 1729 1374 1774; x_wconf 89' lang='lat' dir='ltr'><strong><em>de</em></strong></span> <span class='ocrx_word' id='word_1_225' title='bbox 1397 1729 1600 1774; x_wconf 86' lang='lat' dir='ltr'><strong><em>formula</em></strong></span> <span class='ocrx_word' id='word_1_226' title='bbox 1624 1730 1843 1787; x_wconf 75' lang='lat' dir='ltr'><strong><em>apopiras</em></strong></span> 
     </span>
     <span class='ocr_line' id='line_1_27' title="bbox 153 1793 466 1834; baseline -0.006 0"><span class='ocrx_word' id='word_1_227' title='bbox 153 1803 179 1834; x_wconf 91' lang='lat' dir='ltr'><strong><em>c</em></strong></span> <span class='ocrx_word' id='word_1_228' title='bbox 270 1803 350 1834; x_wconf 88' lang='lat' dir='ltr'><strong><em>rae</em></strong></span> <span class='ocrx_word' id='word_1_229' title='bbox 412 1793 466 1833; x_wconf 82' lang='lat'><strong><em>17</em></strong></span> 
     </span>
    </p>

    <p class='ocr_par' dir='ltr' id='par_1_10' title="bbox 146 1805 1840 2023">
     <span class='ocr_line' id='line_1_28' title="bbox 238 1805 1840 1905; baseline -0.001 -11.953"><span class='ocrx_word' id='word_1_230' title='bbox 238 1805 336 1893; x_wconf 73' lang='grc' dir='ltr'><strong><em>Ρ19</em></strong></span> <span class='ocrx_word' id='word_1_231' title='bbox 376 1849 433 1894; x_wconf 91' lang='lat' dir='ltr'><strong><em>H</em></strong></span> <span class='ocrx_word' id='word_1_232' title='bbox 452 1852 508 1892; x_wconf 83' lang='lat'>25</span> <span class='ocrx_word' id='word_1_233' title='bbox 557 1847 858 1905; x_wconf 83' lang='grc' dir='ltr'><strong><em>ἀγριοσικύου</em></strong></span> <span class='ocrx_word' id='word_1_234' title='bbox 907 1843 1035 1903; x_wconf 77' lang='grc' dir='ltr'><strong><em>ῥ’ίζας</em></strong></span> <span class='ocrx_word' id='word_1_235' title='bbox 1073 1846 1349 1903; x_wconf 79' lang='grc' dir='ltr'><strong><em>κατακόψας</em></strong></span> <span class='ocrx_word' id='word_1_236' title='bbox 1393 1850 1486 1891; x_wconf 90' lang='grc' dir='ltr'><strong><em>κτλ.</em></strong></span> <span class='ocrx_word' id='word_1_237' title='bbox 1552 1848 1616 1891; x_wconf 89' lang='grc' dir='ltr'><em>Μ</em></span> <span class='ocrx_word' id='word_1_238' title='bbox 1643 1852 1700 1892; x_wconf 88' lang='grc'><strong><em>20</em></strong></span> <span class='ocrx_word' id='word_1_239' title='bbox 1731 1847 1840 1905; x_wconf 76' lang='grc' dir='ltr'><strong><em>μθ’.</em></strong></span> 
     </span>
     <span class='ocr_line' id='line_1_29' title="bbox 154 1907 1839 1964; baseline -0.001 -12"><span class='ocrx_word' id='word_1_240' title='bbox 154 1907 269 1963; x_wconf 84' lang='lat' dir='ltr'>Veg.</span> <span class='ocrx_word' id='word_1_241' title='bbox 293 1908 315 1951; x_wconf 97' lang='lat' dir='ltr'>I</span> <span class='ocrx_word' id='word_1_242' title='bbox 342 1913 410 1964; x_wconf 94' lang='grc'><strong><em>17,</em></strong></span> <span class='ocrx_word' id='word_1_243' title='bbox 436 1912 462 1952; x_wconf 93' lang='grc'>8</span> <span class='ocrx_word' id='word_1_244' title='bbox 495 1908 593 1952; x_wconf 88' lang='lat' dir='ltr'><strong><em>alia</em></strong></span> <span class='ocrx_word' id='word_1_245' title='bbox 623 1921 795 1964; x_wconf 77' lang='lat' dir='ltr'><strong><em>quoque</em></strong></span> <span class='ocrx_word' id='word_1_246' title='bbox 825 1907 962 1952; x_wconf 81' lang='lat' dir='ltr'><strong><em>vilior</em></strong></span> <span class='ocrx_word' id='word_1_247' title='bbox 991 1907 1069 1951; x_wconf 83' lang='lat' dir='ltr'><strong><em>sed</em></strong></span> <span class='ocrx_word' id='word_1_248' title='bbox 1098 1920 1192 1951; x_wconf 60' lang='lat' dir='ltr'><strong><em>‘nort</em></strong></span> <span class='ocrx_word' id='word_1_249' title='bbox 1223 1908 1375 1951; x_wconf 80' lang='lat' dir='ltr'><strong><em>miuus</em></strong></span> <span class='ocrx_word' id='word_1_250' title='bbox 1407 1912 1519 1963; x_wconf 75' lang='lat' dir='ltr'><strong><em>apta</em></strong></span> <span class='ocrx_word' id='word_1_251' title='bbox 1550 1908 1728 1952; x_wconf 81' lang='lat' dir='ltr'><strong><em>curatio</em></strong></span> <span class='ocrx_word' id='word_1_252' title='bbox 1752 1912 1839 1952; x_wconf 81' lang='lat' dir='ltr'><strong><em>est:</em></strong></span> 
     </span>
     <span class='ocr_line' id='line_1_30' title="bbox 146 1966 1838 2023; baseline -0.001 -11"><span class='ocrx_word' id='word_1_253' title='bbox 146 1968 327 2013; x_wconf 77' lang='lat' dir='ltr'><strong><em>radices</em></strong></span> <span class='ocrx_word' id='word_1_254' title='bbox 357 1968 607 2013; x_wconf 81' lang='lat' dir='ltr'><strong><em>cucumeris</em></strong></span> <span class='ocrx_word' id='word_1_255' title='bbox 636 1967 838 2011; x_wconf 79' lang='lat' dir='ltr'><strong><em>silvatici</em></strong></span> <span class='ocrx_word' id='word_1_256' title='bbox 867 1966 1032 2010; x_wconf 74' lang='lat' dir='ltr'><strong><em>viridis</em></strong></span> <span class='ocrx_word' id='word_1_257' title='bbox 1063 1967 1310 2011; x_wconf 58' lang='lat' dir='ltr'><strong><em>centuriam</em></strong></span> <span class='ocrx_word' id='word_1_258' title='bbox 1343 1980 1381 2011; x_wconf 90' lang='lat' dir='ltr'><strong><em>e.</em></strong></span> <span class='ocrx_word' id='word_1_259' title='bbox 1407 1979 1450 2022; x_wconf 86' lang='lat' dir='ltr'><strong><em>q.</em></strong></span> <span class='ocrx_word' id='word_1_260' title='bbox 1477 1982 1512 2012; x_wconf 83' lang='lat' dir='ltr'><strong><em>s.</em></strong></span> <span class='ocrx_word' id='word_1_261' title='bbox 1557 1966 1614 2011; x_wconf 90' lang='lat' dir='ltr'><strong><em>cf.</em></strong></span> <span class='ocrx_word' id='word_1_262' title='bbox 1641 1979 1780 2023; x_wconf 85' lang='lat' dir='ltr'><strong><em>supra</em></strong></span> <span class='ocrx_word' id='word_1_263' title='bbox 1799 1972 1838 2011; x_wconf 86' lang='grc'><strong><em>7.</em></strong></span> 
     </span>
    </p>

    <p class='ocr_par' dir='ltr' id='par_1_11' title="bbox 118 2022 1838 2853">
     <span class='ocr_line' id='line_1_31' title="bbox 269 2022 1836 2092; baseline -0.001 -20"><span class='ocrx_word' id='word_1_264' title='bbox 269 2026 333 2072; x_wconf 80' lang='grc'><strong><em>20</em></strong></span> <span class='ocrx_word' id='word_1_265' title='bbox 367 2027 499 2071; x_wconf 85' lang='lat' dir='ltr'>H25</span> <span class='ocrx_word' id='word_1_266' title='bbox 531 2023 713 2083; x_wconf 85' lang='grc' dir='ltr'><strong><em>σπέρμα</em></strong></span> <span class='ocrx_word' id='word_1_267' title='bbox 744 2025 1027 2081; x_wconf 87' lang='grc' dir='ltr'><strong><em>κολοκύντης</em></strong></span> <span class='ocrx_word' id='word_1_268' title='bbox 1056 2028 1149 2069; x_wconf 88' lang='grc' dir='ltr'><strong><em>κτλ.</em></strong></span> <span class='ocrx_word' id='word_1_269' title='bbox 1213 2025 1351 2068; x_wconf 68' lang='lat' dir='ltr'><strong><em>Meo</em></strong></span> <span class='ocrx_word' id='word_1_270' title='bbox 1383 2022 1476 2092; x_wconf 85' lang='grc' dir='ltr'><strong><em>νβ’.</em></strong></span> <span class='ocrx_word' id='word_1_271' title='bbox 1524 2025 1642 2082; x_wconf 87' lang='lat' dir='ltr'>Veg.</span> <span class='ocrx_word' id='word_1_272' title='bbox 1660 2026 1680 2069; x_wconf 95' lang='grc' dir='ltr'>Ι</span> <span class='ocrx_word' id='word_1_273' title='bbox 1707 2029 1777 2080; x_wconf 84' lang='grc'><strong><em>17,</em></strong></span> <span class='ocrx_word' id='word_1_274' title='bbox 1797 2031 1836 2070; x_wconf 83' lang='grc'><strong><em>7.</em></strong></span> 
     </span>
     <span class='ocr_line' id='line_1_32' title="bbox 151 2061 1836 2142; baseline -0.001 -12"><span class='ocrx_word' id='word_1_275' title='bbox 151 2101 236 2132; x_wconf 83' lang='lat' dir='ltr'><strong><em>sua</em></strong></span> <span class='ocrx_word' id='word_1_276' title='bbox 289 2086 496 2131; x_wconf 81' lang='lat' dir='ltr'><strong><em>remedia</em></strong></span> <span class='ocrx_word' id='word_1_277' title='bbox 550 2088 642 2142; x_wconf 75' lang='lat' dir='ltr'><strong><em>Aps</em></strong></span> <span class='ocrx_word' id='word_1_278' title='bbox 647 2087 777 2141; x_wconf 63' lang='grc' dir='ltr'><strong><em>γιτιιε</em></strong></span> <span class='ocrx_word' id='word_1_279' title='bbox 829 2083 1041 2128; x_wconf 64' lang='lat' dir='ltr'><strong><em>vindicata</em></strong></span> <span class='ocrx_word' id='word_1_280' title='bbox 1101 2083 1242 2140; x_wconf 91' lang='lat' dir='ltr'>Hipp.</span> <span class='ocrx_word' id='word_1_281' title='bbox 1285 2088 1337 2127; x_wconf 86' lang='lat'><strong><em>11</em></strong></span> <span class='ocrx_word' id='word_1_282' title='bbox 1404 2084 1530 2140; x_wconf 85' lang='lat' dir='ltr'>(inde</span> <span class='ocrx_word' id='word_1_283' title='bbox 1593 2061 1836 2129; x_wconf 86' lang='lat' dir='ltr'><strong><em>Hierocles</em></strong></span> 
     </span>
     <span class='ocr_line' id='line_1_33' title="bbox 145 2142 1838 2219; baseline -0.001 -31"><span class='ocrx_word' id='word_1_284' title='bbox 145 2144 286 2219; x_wconf 89' lang='lat' dir='ltr'>Hipp.</span> <span class='ocrx_word' id='word_1_285' title='bbox 314 2147 410 2199; x_wconf 92' lang='lat'>14).</span> <span class='ocrx_word' id='word_1_286' title='bbox 443 2142 644 2202; x_wconf 82' lang='grc' dir='ltr'><strong><em>ἡμέτερα</em></strong></span> <span class='ocrx_word' id='word_1_287' title='bbox 668 2143 719 2189; x_wconf 80' lang='grc' dir='ltr'><strong><em>δὲ</em></strong></span> <span class='ocrx_word' id='word_1_288' title='bbox 754 2142 993 2216; x_wconf 81' lang='grc' dir='ltr'><strong><em>εὑρήματα</em></strong></span> <span class='ocrx_word' id='word_1_289' title='bbox 1023 2150 1192 2187; x_wconf 82' lang='grc' dir='ltr'><strong><em>ταῦτα·</em></strong></span> <span class='ocrx_word' id='word_1_290' title='bbox 1226 2145 1554 2194; x_wconf 83' lang='grc' dir='ltr'><strong><em>κολοκυντίδος</em></strong></span> <span class='ocrx_word' id='word_1_291' title='bbox 1584 2142 1838 2200; x_wconf 80' lang='grc' dir='ltr'><strong><em>Αἰγυπτίας</em></strong></span> 
     </span>
     <span class='ocr_line' id='line_1_34' title="bbox 150 2199 1836 2278; baseline -0.002 -29"><span class='ocrx_word' id='word_1_292' title='bbox 150 2204 334 2262; x_wconf 86' lang='grc' dir='ltr'><strong><em>σπέρμα</em></strong></span> <span class='ocrx_word' id='word_1_293' title='bbox 351 2204 461 2249; x_wconf 90' lang='grc' dir='ltr'><strong><em>οσον</em></strong></span> <span class='ocrx_word' id='word_1_294' title='bbox 472 2204 728 2278; x_wconf 81' lang='grc' dir='ltr'><strong><em>ὀξύβαφον,</em></strong></span> <span class='ocrx_word' id='word_1_295' title='bbox 745 2200 1034 2260; x_wconf 80' lang='grc' dir='ltr'><strong><em>κεκομμένον</em></strong></span> <span class='ocrx_word' id='word_1_296' title='bbox 1044 2202 1125 2246; x_wconf 85' lang='grc' dir='ltr'><strong><em>καὶ</em></strong></span> <span class='ocrx_word' id='word_1_297' title='bbox 1141 2200 1472 2258; x_wconf 77' lang='grc' dir='ltr'><strong><em>πεφρυγμένον</em></strong></span> <span class='ocrx_word' id='word_1_298' title='bbox 1492 2199 1543 2246; x_wconf 79' lang='grc' dir='ltr'><strong><em>ἐν</em></strong></span> <span class='ocrx_word' id='word_1_299' title='bbox 1561 2203 1672 2262; x_wconf 80' lang='grc' dir='ltr'><strong><em>οἴνῳ</em></strong></span> <span class='ocrx_word' id='word_1_300' title='bbox 1690 2206 1836 2261; x_wconf 82' lang='grc' dir='ltr'><strong><em>λευκῷ</em></strong></span> 
     </span>
     <span class='ocr_line' id='line_1_35' title="bbox 149 2248 1835 2336; baseline -0.001 -28"><span class='ocrx_word' id='word_1_301' title='bbox 149 2265 316 2308; x_wconf 74' lang='grc' dir='ltr'><strong><em>εὐώδει</em></strong></span> <span class='ocrx_word' id='word_1_302' title='bbox 355 2262 465 2308; x_wconf 78' lang='grc' dir='ltr'><strong><em>ὅσον</em></strong></span> <span class='ocrx_word' id='word_1_303' title='bbox 505 2263 720 2313; x_wconf 77' lang='grc' dir='ltr'><strong><em>κοτύλαις</em></strong></span> <span class='ocrx_word' id='word_1_304' title='bbox 758 2261 865 2306; x_wconf 81' lang='grc' dir='ltr'><em>δυσὶ</em></span> <span class='ocrx_word' id='word_1_305' title='bbox 903 2265 1068 2306; x_wconf 82' lang='grc' dir='ltr'><strong><em>λεᾶναι</em></strong></span> <span class='ocrx_word' id='word_1_306' title='bbox 1098 2261 1179 2305; x_wconf 87' lang='grc' dir='ltr'><strong><em>καὶ</em></strong></span> <span class='ocrx_word' id='word_1_307' title='bbox 1218 2260 1543 2336; x_wconf 79' lang='grc' dir='ltr'><strong><em>διηθήσαντας</em></strong></span> <span class='ocrx_word' id='word_1_308' title='bbox 1575 2257 1626 2306; x_wconf 78' lang='grc' dir='ltr'><strong><em>ἐν</em></strong></span> <span class='ocrx_word' id='word_1_309' title='bbox 1644 2248 1835 2321; x_wconf 80' lang='grc' dir='ltr'><strong><em>ὀθονίῳ</em></strong></span> 
     </span>
     <span class='ocr_line' id='line_1_36' title="bbox 145 2317 1836 2397; baseline -0.001 -31"><span class='ocrx_word' id='word_1_310' title='bbox 145 2318 465 2381; x_wconf 84' lang='grc' dir='ltr'><strong><em>εγχυματίζειν</em></strong></span> <span class='ocrx_word' id='word_1_311' title='bbox 498 2321 580 2366; x_wconf 82' lang='grc' dir='ltr'><strong><em>διὰ</em></strong></span> <span class='ocrx_word' id='word_1_312' title='bbox 610 2328 690 2378; x_wconf 85' lang='grc' dir='ltr'><strong><em>τῆς</em></strong></span> <span class='ocrx_word' id='word_1_313' title='bbox 714 2322 872 2375; x_wconf 78' lang='grc' dir='ltr'><strong><em>δεξιας</em></strong></span> <span class='ocrx_word' id='word_1_314' title='bbox 895 2317 1023 2378; x_wconf 87' lang='grc' dir='ltr'><strong><em>ρινὸς</em></strong></span> <span class='ocrx_word' id='word_1_315' title='bbox 1046 2320 1127 2364; x_wconf 87' lang='grc' dir='ltr'><strong><em>καὶ</em></strong></span> <span class='ocrx_word' id='word_1_316' title='bbox 1152 2321 1268 2378; x_wconf 77' lang='grc' dir='ltr'><strong><em>αὐτῇ</em></strong></span> <span class='ocrx_word' id='word_1_317' title='bbox 1295 2319 1347 2364; x_wconf 86' lang='grc' dir='ltr'><strong><em>δε</em></strong></span> <span class='ocrx_word' id='word_1_318' title='bbox 1371 2326 1426 2378; x_wconf 82' lang='grc' dir='ltr'><strong><em>τῇ</em></strong></span> <span class='ocrx_word' id='word_1_319' title='bbox 1452 2317 1701 2396; x_wconf 76' lang='grc' dir='ltr'><strong><em>ἐντεριώνῃ</em></strong></span> <span class='ocrx_word' id='word_1_320' title='bbox 1716 2327 1836 2397; x_wconf 85' lang='grc' dir='ltr'><strong><em>χρῆ-</em></strong></span> 
     </span>
     <span class='ocr_line' id='line_1_37' title="bbox 118 2377 1834 2456; baseline -0.001 -30"><span class='ocrx_word' id='word_1_321' title='bbox 118 2385 265 2443; x_wconf 49' lang='lat' dir='ltr'><strong><em>‚ema</em></strong></span> <span class='ocrx_word' id='word_1_322' title='bbox 295 2379 615 2456; x_wconf 81' lang='grc' dir='ltr'><strong><em>πεφρυγμένῃ.</em></strong></span> <span class='ocrx_word' id='word_1_323' title='bbox 646 2381 860 2454; x_wconf 90' lang='grc' dir='ltr'><strong><em>αριστον</em></strong></span> <span class='ocrx_word' id='word_1_324' title='bbox 892 2379 944 2424; x_wconf 82' lang='grc' dir='ltr'><strong><em>δε</em></strong></span> <span class='ocrx_word' id='word_1_325' title='bbox 976 2379 1058 2424; x_wconf 87' lang='grc' dir='ltr'><strong><em>καὶ</em></strong></span> <span class='ocrx_word' id='word_1_326' title='bbox 1088 2386 1169 2424; x_wconf 86' lang='grc' dir='ltr'><strong><em>τοῦ</em></strong></span> <span class='ocrx_word' id='word_1_327' title='bbox 1201 2380 1367 2437; x_wconf 78' lang='grc' dir='ltr'><strong><em>ἀγρίου</em></strong></span> <span class='ocrx_word' id='word_1_328' title='bbox 1401 2380 1562 2425; x_wconf 83' lang='grc' dir='ltr'><strong><em>σικύου</em></strong></span> <span class='ocrx_word' id='word_1_329' title='bbox 1593 2380 1678 2437; x_wconf 85' lang='grc' dir='ltr'><strong><em>τὴν</em></strong></span> <span class='ocrx_word' id='word_1_330' title='bbox 1704 2377 1834 2438; x_wconf 80' lang='grc' dir='ltr'><strong><em>ρι’ζαν</em></strong></span> 
     </span>
     <span class='ocr_line' id='line_1_38' title="bbox 145 2435 1835 2497; baseline -0.001 -12"><span class='ocrx_word' id='word_1_331' title='bbox 145 2440 295 2497; x_wconf 85' lang='grc' dir='ltr'><strong><em>κόψαι</em></strong></span> <span class='ocrx_word' id='word_1_332' title='bbox 318 2440 490 2497; x_wconf 83' lang='grc' dir='ltr'><strong><em>λεπτὴν</em></strong></span> <span class='ocrx_word' id='word_1_333' title='bbox 512 2438 621 2485; x_wconf 88' lang='grc' dir='ltr'><strong><em>οσον</em></strong></span> <span class='ocrx_word' id='word_1_334' title='bbox 638 2438 840 2497; x_wconf 78' lang='grc' dir='ltr'><strong><em>ἤμιμνον</em></strong></span> <span class='ocrx_word' id='word_1_335' title='bbox 857 2438 1108 2497; x_wconf 84' lang='grc' dir='ltr'><strong><em>(ἡμίμνουν</em></strong></span> <span class='ocrx_word' id='word_1_336' title='bbox 1118 2441 1156 2494; x_wconf 62' lang='grc'><strong><em>3)</em></strong></span> <span class='ocrx_word' id='word_1_337' title='bbox 1183 2435 1366 2495; x_wconf 75' lang='grc' dir='ltr'><strong><em>ἐπιχέαι</em></strong></span> <span class='ocrx_word' id='word_1_338' title='bbox 1389 2455 1438 2483; x_wconf 84' lang='grc' dir='ltr'><strong><em>τε</em></strong></span> <span class='ocrx_word' id='word_1_339' title='bbox 1454 2438 1626 2491; x_wconf 80' lang='grc' dir='ltr'><strong><em>υὸατος</em></strong></span> <span class='ocrx_word' id='word_1_340' title='bbox 1637 2440 1835 2490; x_wconf 82' lang='grc' dir='ltr'><strong><em>κοτύλας</em></strong></span> 
     </span>
     <span class='ocr_line' id='line_1_39' title="bbox 145 2498 1835 2559; baseline -0.001 -15"><span class='ocrx_word' id='word_1_341' title='bbox 145 2500 233 2544; x_wconf 83' lang='grc' dir='ltr'><strong><em>δύο</em></strong></span> <span class='ocrx_word' id='word_1_342' title='bbox 273 2500 354 2544; x_wconf 87' lang='grc' dir='ltr'><strong><em>καὶ</em></strong></span> <span class='ocrx_word' id='word_1_343' title='bbox 394 2498 578 2559; x_wconf 83' lang='grc' dir='ltr'><strong><em>βρέχειν</em></strong></span> <span class='ocrx_word' id='word_1_344' title='bbox 616 2500 763 2544; x_wconf 88' lang='grc' dir='ltr'><strong><em>νύκτα</em></strong></span> <span class='ocrx_word' id='word_1_345' title='bbox 795 2501 907 2556; x_wconf 83' lang='grc' dir='ltr'><strong><em>μίαν</em></strong></span> <span class='ocrx_word' id='word_1_346' title='bbox 949 2498 1031 2542; x_wconf 85' lang='grc' dir='ltr'><strong><em>καὶ</em></strong></span> <span class='ocrx_word' id='word_1_347' title='bbox 1076 2499 1431 2555; x_wconf 82' lang='grc' dir='ltr'><strong><em>ἀνατρίψαντας</em></strong></span> <span class='ocrx_word' id='word_1_348' title='bbox 1475 2501 1705 2555; x_wconf 78' lang='grc' dir='ltr'><strong><em>διηθῆσαι</em></strong></span> <span class='ocrx_word' id='word_1_349' title='bbox 1754 2499 1835 2543; x_wconf 89' lang='grc' dir='ltr'><strong><em>καὶ</em></strong></span> 
     </span>
     <span class='ocr_line' id='line_1_40' title="bbox 143 2556 1834 2634; baseline -0.001 -31"><span class='ocrx_word' id='word_1_350' title='bbox 143 2560 296 2620; x_wconf 82' lang='grc' dir='ltr'><strong><em>τούτῳ</em></strong></span> <span class='ocrx_word' id='word_1_351' title='bbox 343 2559 432 2616; x_wconf 84' lang='lat' dir='ltr'>(ita</span> <span class='ocrx_word' id='word_1_352' title='bbox 470 2560 570 2605; x_wconf 87' lang='lat' dir='ltr'><strong><em>cod.</em></strong></span> <span class='ocrx_word' id='word_1_353' title='bbox 611 2560 673 2615; x_wconf 90' lang='lat' dir='ltr'><strong><em>P)</em></strong></span> <span class='ocrx_word' id='word_1_354' title='bbox 720 2558 933 2616; x_wconf 81' lang='grc' dir='ltr'><strong><em>μιγνύειν</em></strong></span> <span class='ocrx_word' id='word_1_355' title='bbox 972 2559 1132 2615; x_wconf 82' lang='grc' dir='ltr'><strong><em>νίτρου</em></strong></span> <span class='ocrx_word' id='word_1_356' title='bbox 1179 2556 1467 2634; x_wconf 81' lang='grc' dir='ltr'><strong><em>κεκομμένον</em></strong></span> <span class='ocrx_word' id='word_1_357' title='bbox 1515 2558 1654 2609; x_wconf 82' lang='grc' dir='ltr'><strong><em>ὁλκὰς</em></strong></span> <span class='ocrx_word' id='word_1_358' title='bbox 1698 2574 1834 2616; x_wconf 90' lang='grc' dir='ltr'><strong><em>τρεις,</em></strong></span> 
     </span>
     <span class='ocr_line' id='line_1_41' title="bbox 146 2615 1830 2692; baseline -0.001 -30"><span class='ocrx_word' id='word_1_359' title='bbox 146 2616 245 2662; x_wconf 78' lang='grc' dir='ltr'><strong><em>εἴθ’</em></strong></span> <span class='ocrx_word' id='word_1_360' title='bbox 290 2617 433 2669; x_wconf 68' lang='grc' dir='ltr'><strong><em>οὕτως</em></strong></span> <span class='ocrx_word' id='word_1_361' title='bbox 470 2617 852 2692; x_wconf 79' lang='grc' dir='ltr'><strong><em>καταλαβόμενον</em></strong></span> <span class='ocrx_word' id='word_1_362' title='bbox 894 2617 979 2674; x_wconf 82' lang='grc' dir='ltr'><strong><em>τὴν</em></strong></span> <span class='ocrx_word' id='word_1_363' title='bbox 1018 2620 1223 2674; x_wconf 83' lang='grc' dir='ltr'><strong><em>γλῶτταν</em></strong></span> <span class='ocrx_word' id='word_1_364' title='bbox 1271 2615 1590 2691; x_wconf 77' lang='grc' dir='ltr'><strong><em>ε’γχυματίζειν</em></strong></span> <span class='ocrx_word' id='word_1_365' title='bbox 1630 2617 1711 2661; x_wconf 84' lang='grc' dir='ltr'><strong><em>δια</em></strong></span> <span class='ocrx_word' id='word_1_366' title='bbox 1749 2624 1830 2661; x_wconf 88' lang='grc' dir='ltr'><strong><em>τοῦ</em></strong></span> 
     </span>
     <span class='ocr_line' id='line_1_42' title="bbox 146 2672 1834 2735; baseline -0.001 -14"><span class='ocrx_word' id='word_1_367' title='bbox 146 2676 370 2734; x_wconf 88' lang='grc' dir='ltr'><strong><em>στόματος</em></strong></span> <span class='ocrx_word' id='word_1_368' title='bbox 392 2676 566 2734; x_wconf 79' lang='grc' dir='ltr'><strong><em>ἡμέρας</em></strong></span> <span class='ocrx_word' id='word_1_369' title='bbox 591 2672 708 2722; x_wconf 77' lang='grc' dir='ltr'><strong><em>ἑπτὰ</em></strong></span> <span class='ocrx_word' id='word_1_370' title='bbox 731 2677 782 2721; x_wconf 90' lang='grc' dir='ltr'><strong><em>τὸ</em></strong></span> <span class='ocrx_word' id='word_1_371' title='bbox 814 2675 954 2734; x_wconf 76' lang='grc' dir='ltr'><strong><em>ἥμισύ</em></strong></span> <span class='ocrx_word' id='word_1_372' title='bbox 985 2683 1066 2721; x_wconf 85' lang='grc' dir='ltr'><strong><em>τοῦ</em></strong></span> <span class='ocrx_word' id='word_1_373' title='bbox 1092 2677 1358 2735; x_wconf 79' lang='grc' dir='ltr'><strong><em>φαρμάκου,</em></strong></span> <span class='ocrx_word' id='word_1_374' title='bbox 1390 2677 1442 2721; x_wconf 90' lang='grc' dir='ltr'><strong><em>τὸ</em></strong></span> <span class='ocrx_word' id='word_1_375' title='bbox 1475 2675 1526 2721; x_wconf 84' lang='grc' dir='ltr'><strong><em>δε</em></strong></span> <span class='ocrx_word' id='word_1_376' title='bbox 1552 2676 1715 2720; x_wconf 90' lang='grc' dir='ltr'><strong><em>λοιπὸν</em></strong></span> <span class='ocrx_word' id='word_1_377' title='bbox 1746 2691 1834 2720; x_wconf 90' lang='grc' dir='ltr'><strong><em>πο-</em></strong></span> 
     </span>
     <span class='ocr_line' id='line_1_43' title="bbox 143 2735 1830 2796; baseline -0.001 -16"><span class='ocrx_word' id='word_1_378' title='bbox 143 2738 354 2790; x_wconf 85' lang='grc' dir='ltr'><strong><em>τίζοντας</em></strong></span> <span class='ocrx_word' id='word_1_379' title='bbox 398 2741 460 2796; x_wconf 81' lang='grc' dir='ltr'><strong><em>τῷ</em></strong></span> <span class='ocrx_word' id='word_1_380' title='bbox 506 2735 643 2780; x_wconf 85' lang='grc' dir='ltr'><strong><em>ύδατι</em></strong></span> <span class='ocrx_word' id='word_1_381' title='bbox 690 2736 917 2793; x_wconf 89' lang='grc' dir='ltr'><strong><em>μιγνύειν.</em></strong></span> <span class='ocrx_word' id='word_1_382' title='bbox 993 2735 1275 2793; x_wconf 82' lang='lat' dir='ltr'>Pelagonius</span> <span class='ocrx_word' id='word_1_383' title='bbox 1329 2750 1567 2782; x_wconf 81' lang='lat' dir='ltr'><strong><em>mensuras</em></strong></span> <span class='ocrx_word' id='word_1_384' title='bbox 1614 2737 1830 2791; x_wconf 68' lang='lat' dir='ltr'><strong><em>muhavit,</em></strong></span> 
     </span>
     <span class='ocr_line' id='line_1_44' title="bbox 144 2782 1176 2869; baseline 0.001 -30"><span class='ocrx_word' id='word_1_385' title='bbox 144 2794 371 2853; x_wconf 69' lang='lat' dir='ltr'><strong><em>Vegetius</em></strong></span> <span class='ocrx_word' id='word_1_386' title='bbox 401 2782 556 2852; x_wconf 81' lang='lat' dir='ltr'><strong><em>ipsum</em></strong></span> <span class='ocrx_word' id='word_1_387' title='bbox 587 2796 844 2869; x_wconf 79' lang='lat' dir='ltr'><strong><em>Apsyrtum</em></strong></span> <span class='ocrx_word' id='word_1_388' title='bbox 876 2796 1060 2840; x_wconf 74' lang='lat' dir='ltr'><strong><em>secutus</em></strong></span> <span class='ocrx_word' id='word_1_389' title='bbox 1091 2797 1176 2840; x_wconf 77' lang='lat' dir='ltr'><strong><em>est.</em></strong></span> 
     </span>
    </p>

    <p class='ocr_par' dir='ltr' id='par_1_12' title="bbox 141 2852 1832 2973">
     <span class='ocr_line' id='line_1_45' title="bbox 264 2852 1828 2928; baseline -0.001 -29"><span class='ocrx_word' id='word_1_390' title='bbox 264 2855 330 2899; x_wconf 84' lang='lat' dir='ltr'><strong><em>ad</em></strong></span> <span class='ocrx_word' id='word_1_391' title='bbox 363 2867 571 2898; x_wconf 83' lang='lat' dir='ltr'><strong><em>cornua.</em></strong></span> <span class='ocrx_word' id='word_1_392' title='bbox 602 2854 750 2927; x_wconf 89' lang='lat' dir='ltr'>duo]</span> <span class='ocrx_word' id='word_1_393' title='bbox 763 2852 873 2898; x_wconf 90' lang='grc' dir='ltr'><strong><em>οσον</em></strong></span> <span class='ocrx_word' id='word_1_394' title='bbox 903 2853 1119 2906; x_wconf 88' lang='grc' dir='ltr'><strong><em>κοτύλαις</em></strong></span> <span class='ocrx_word' id='word_1_395' title='bbox 1162 2855 1275 2898; x_wconf 82' lang='grc' dir='ltr'><em>δυσί</em></span> <span class='ocrx_word' id='word_1_396' title='bbox 1310 2853 1558 2910; x_wconf 66' lang='grc' dir='ltr'><strong><em>Αρεγτίῑιιε,</em></strong></span> <span class='ocrx_word' id='word_1_397' title='bbox 1582 2853 1828 2928; x_wconf 73' lang='lat' dir='ltr'>interpres</span> 
     </span>
     <span class='ocr_line' id='line_1_46' title="bbox 141 2909 1832 2973; baseline 0.001 -17"><span class='ocrx_word' id='word_1_398' title='bbox 141 2913 265 2958; x_wconf 84' lang='lat' dir='ltr'><strong><em>male</em></strong></span> <span class='ocrx_word' id='word_1_399' title='bbox 305 2913 387 2957; x_wconf 88' lang='grc' dir='ltr'><strong><em>καὶ</em></strong></span> <span class='ocrx_word' id='word_1_400' title='bbox 424 2911 660 2970; x_wconf 78' lang='grc' dir='ltr'><strong><em>διηθήσας</em></strong></span> <span class='ocrx_word' id='word_1_401' title='bbox 697 2911 858 2970; x_wconf 87' lang='grc' dir='ltr'><strong><em>κέρατι</em></strong></span> <span class='ocrx_word' id='word_1_402' title='bbox 899 2909 1114 2973; x_wconf 79' lang='grc' dir='ltr'><strong><em>ἐμβαλὼν</em></strong></span> <span class='ocrx_word' id='word_1_403' title='bbox 1155 2911 1278 2970; x_wconf 84' lang='grc' dir='ltr'><strong><em>ἔγχει</em></strong></span> <span class='ocrx_word' id='word_1_404' title='bbox 1324 2912 1405 2957; x_wconf 82' lang='grc' dir='ltr'><strong><em>διὰ</em></strong></span> <span class='ocrx_word' id='word_1_405' title='bbox 1442 2919 1534 2957; x_wconf 86' lang='grc' dir='ltr'><strong><em>τῶν</em></strong></span> <span class='ocrx_word' id='word_1_406' title='bbox 1570 2909 1712 2972; x_wconf 82' lang='grc' dir='ltr'><strong><em>ρινῶν</em></strong></span> <span class='ocrx_word' id='word_1_407' title='bbox 1752 2909 1832 2957; x_wconf 79' lang='grc' dir='ltr'><strong><em>ἐπὶ</em></strong></span> 
     </span>
    </p>
   </div>
  </div>
 </body>
</html>
