2060 3232
837 141 1235 195 -104—

86 284 184 332 859
310 282 442 330 Item
479 280 620 330 aliud
659 280 879 329 salutare
917 277 1193 327 remedium
1230 277 1286 326 in
1321 277 1481 327 initiis
1535 277 1686 340 adeps
1732 276 1884 328 vituli

198 355 395 420 marini,
434 355 520 405 sed
557 355 601 404 si
637 353 741 403 iam
769 352 1137 417 inveteraverit,
1166 351 1617 402 vehementioribus
1651 367 1779 415 opus
1808 355 1885 402 est

197 430 442 480 remediis,
504 430 709 492 propter
747 428 882 491 quod
918 426 1145 475 bitumen
1190 441 1306 476 cum
1352 426 1591 489 sulphure
1629 428 1681 475 et
1727 426 1885 476 atroci

198 505 308 568 pice
345 502 541 566 liquida
579 501 799 566 axungia
828 501 986 551 veteri
1016 500 1174 548 mixta
1204 500 1316 563 pari
1345 500 1562 563 pondere
1597 502 1886 564 coquuntur

201 581 354 642 atque
394 593 454 626 ea
492 575 850 638 compositione
889 576 1110 638 curatur,
1148 573 1223 622 ita
1259 576 1322 622 ut
1357 574 1499 636 prius
1530 574 1720 624 scabies
1751 575 1883 624 ferro
1929 584 1954 618 5
2012 578 2016 582 “

201 667 344 701 erasa
380 651 644 714 perluatur
680 648 830 697 urina
866 647 1095 697 hominis.
1622 670 1625 673 -

86 726 184 773 360
310 726 440 774 Item
487 724 638 773 aliud.
707 722 831 786 picis
877 721 1101 784 liquidae
1148 723 1291 785 sext,
1345 721 1451 769 sevi
1503 721 1695 785 caprini
1740 737 1787 784 p.
1819 721 1886 786 H,

198 815 338 849 cerae
377 798 485 863 lib.,
533 797 768 846 aluminis
817 796 956 845 scissi
994 795 1101 859 lib.,
1149 795 1405 858 sulphuris
1452 794 1557 845 vivi
1601 795 1686 844 lib.
1735 810 1795 859 s,
1833 795 1887 843 in

197 889 356 922 unum
381 872 636 935 decoquis
682 873 734 920 et
779 873 895 919 ante
943 885 1130 932 equum
1174 869 1338 918 scabie
1393 868 1707 919 laborantem
1753 884 1887 932 aqua

199 947 332 997 salsa
369 946 576 995 lavabis.
637 946 732 995 hoc
770 961 859 1008 per
904 944 1132 993 triduum
1175 943 1256 992 uti
1302 942 1524 1007 debebis3
1572 945 1765 993 certum
1809 958 1886 992 re-
1911 954 1957 988 ιο

198 1021 421 1070 medium
460 1023 548 1069 est.

88 1093 183 1139 361
312 1095 442 1142 Item
496 1093 636 1142 aliud
690 1092 935 1155 apopiraS.
1005 1091 1129 1140 folia
1181 1090 1561 1153 rhododaphnes
1616 1107 1731 1140 cum
1778 1091 1886 1140 oleo

198 1182 381 1230 coques
421 1166 594 1215 addita
630 1166 739 1228 pice
778 1165 974 1228 liquida
1013 1179 1128 1213 cum
1166 1180 1290 1213 cera.
1358 1165 1693 1214 certissimum
1729 1181 1887 1214 reme-

199 1242 339 1290 dium
378 1243 465 1289 est.

86 1314 181 1360 362
310 1315 439 1363 Item
479 1313 543 1362 ad
580 1313 808 1363 scabiem.
869 1327 1047 1360 ranam
1075 1311 1308 1360 rubetam
1346 1312 1511 1362 occide
1544 1315 1595 1361 et
1625 1328 1740 1362 cum
1768 1312 1887 1363 vino
1912 1324 1959 1358 15

198 1392 249 1438 et
288 1404 423 1451 aqua
458 1388 512 1436 in
559 1387 812 1451 sartagine
860 1386 1078 1448 decoque
1130 1385 1337 1448 eiusque
1388 1401 1508 1435 suco
1554 1387 1760 1451 ungit03
1805 1387 1887 1436 vel

196 1463 305 1526 pice
352 1477 466 1511 cum
511 1462 657 1510 melle
704 1461 1043 1523 sulphur-eque
1089 1462 1140 1508 et
1187 1459 1294 1509 vini
1339 1459 1561 1510 faecibus
1606 1461 1888 1510 veterrimis

198 1539 249 1585 et
299 1538 515 1585 stercore
570 1535 723 1584 ovillo
778 1533 1058 1583 commixtis
1113 1535 1288 1582 contra
1339 1533 1501 1596 pilum
1556 1534 1759 1598 fricat03
1805 1535 1888 1584 vel

198 1610 466 1674 sulphuris,
505 1609 713 1673 cedriae,
752 1608 880 1657 turis
910 1607 1128 1672 pollinis,
1169 1608 1531 1673 aristolochiae,
1568 1609 1691 1657 nitri
1724 1609 1887 1659 unciis

196 1684 327 1733 binis
357 1684 411 1731 in
443 1684 642 1747 singula
673 1683 911 1746 iumenta,
943 1682 1068 1744 picis
1098 1682 1321 1744 liquidae
1353 1682 1506 1747 selib.,
1539 1683 1637 1732 olei
1668 1685 1787 1733 sext.
1819 1683 1886 1749 H,
1909 1694 1958 1728 so

199 1758 328 1807 aceti
364 1757 576 1806 heminis
614 1757 770 1805 ternis
809 1756 1055 1805 concoctis
1094 1757 1268 1806 contra
1305 1756 1467 1818 pilum
1504 1757 1706 1822 ungit0‚
1745 1757 1886 1820 prius

197 1832 475 1896 strigilibus
514 1833 606 1880 aut
642 1831 786 1880 testis
826 1832 1117 1893 exasperato
1166 1846 1344 1892 corpus
1392 1831 1531 1894 equi3
1579 1831 1658 1880 vel
1702 1830 1885 1880 harunss

198 1906 337 1956 dines
384 1905 639 1954 combures
695 1907 747 1953 et
799 1904 1095 1967 priusquam
1147 1905 1201 1952 in
1253 1904 1483 1954 favillam
1534 1906 1888 1967 persolvantur

198 1979 422 2028 sublatas
474 1979 644 2041 pinsas
697 1979 779 2028 vel
826 1981 1048 2028 conteres
1102 1978 1362 2041 cribroque
1418 1979 1559 2027 tenui
1613 1996 1780 2029 cernes
1835 1981 1887 2028 et

195 2054 270 2101 ita
309 2054 417 2103 oleo
456 2053 683 2102 miscebis
723 2055 994 2115 contraque
1033 2052 1195 2115 pilum
1230 2053 1512 2103 iumentum
1549 2053 1748 2118 unguis.
1909 2064 1957 2098 25

661 2244 866 2293 XXVII.
943 2244 1030 2292 Ad
1076 2244 1403 2308 lethargos

551 2346 943 2396 PELAGONIV
947 2346 979 2395 S
1025 2345 1359 2396 FESTIANO
1400 2346 1527 2396 SVO

82 2444 180 2491 363
310 2448 563 2511 Scripsisti
616 2449 739 2497 mihi
794 2464 947 2511 equos
1001 2452 1117 2498 tuos
1170 2450 1465 2514 gravissimo
1520 2451 1645 2501 vitio
1699 2452 1884 2517 vexari,

195 2538 312 2572 nam
351 2525 403 2571 et
449 2523 752 2572 adseverasti
799 2526 851 2571 et
896 2523 1184 2584 frequenter
1228 2523 1390 2572 iacere
1438 2527 1489 2572 et
1534 2540 1727 2587 semper
1771 2526 1882 2574 dor-

194 2597 317 2644 mire
371 2612 430 2644 ac
480 2599 746 2659 propterea
798 2612 888 2644 nec
950 2596 1116 2644 cibum
1177 2611 1351 2658 capere
1413 2600 1464 2645 et
1525 2601 1882 2661 consequenter
1905 2612 1954 2644 sor

193 2670 486 2719 macilentos
524 2669 696 2719 videri.
764 2670 931 2733 passio
975 2670 1099 2718 haec
1143 2671 1311 2734 gravis
1357 2673 1433 2720 est
1479 2674 1530 2719 et
1575 2672 1884 2722 observanda

313 2830 339 2868 3
371 2825 580 2871 remedisi
609 2827 617 2882 Ι
644 2824 814 2871 attroci
837 2827 853 2882 ΙΙ
875 2830 904 2870 4
935 2826 1167 2882 coguntur
1187 2826 1205 2882 11
1229 2831 1255 2871 6
1286 2825 1558 2883 perlauatur
1586 2829 1602 2884 ΙΙ
1634 2833 1659 2872 9
1694 2828 1883 2889 scabiei}

194 2888 250 2927 12
282 2883 560 2930 rododafnes
591 2886 607 2942 11
640 2890 693 2930 17
732 2884 912 2930 fecibus
950 2886 965 2941 11
1007 2889 1061 2929 18
1104 2884 1312 2930 c‘ff‘mistis
1351 2886 1366 2942 ΙΙ
1406 2890 1461 2929 19
1507 2884 1733 2943 pollinem
1768 2890 1783 2944 ΙΙ
1823 2893 1881 2934 22

193 2944 338 2987 testes
363 2944 378 2999 ΙΙ
402 2946 459 2987 24
490 2943 711 3000 cibroque
735 2945 751 3000 ΙΙ
774 2948 829 2988 31
862 2943 1158 2990 macillentos
1186 2947 1193 3002 Ι
1219 2944 1308 2988 hec
