2060 3232
890 122 1254 175 -76-

233 261 345 324 piat
383 262 434 309 et
472 259 599 308 cicer
636 259 861 307 infusum
899 261 950 307 et
987 258 1047 307 de
1085 258 1238 308 fluvio
1282 258 1444 323 bibat,
1493 258 1614 322 quia
1658 260 1918 310 exercitior

235 337 324 398 est,
365 336 456 382 aut
487 350 673 396 aquam
703 333 763 381 de
796 333 949 381 cicere
974 332 1154 381 infuso.
1187 332 1422 395 perfundi
1453 333 1606 381 etiam
1637 349 1771 396 aqua
1803 350 1915 383 con-

233 407 374 457 venit
397 409 449 456 et
471 423 586 456 cum
617 407 920 470 deambulat,
951 406 1173 455 fasciolis
1205 422 1350 455 crura
1382 406 1629 471 alligabis.
1684 408 1916 470 prodesse

235 482 389 530 etiam
440 482 629 544 ferunt,
684 481 727 528 81
781 480 1102 528 deambulent
1162 479 1294 528 inter
1352 480 1741 545 pigmentarios,
1797 481 1917 544 quia

235 555 408 604 odores
447 555 630 603 diversi
660 555 876 602 latenter
904 553 1226 615 pulmonibus
1256 555 1481 615 prosunt.
1514 554 1596 602 cui
1624 554 1746 603 haec
1777 554 1916 617 potio
1963 568 1991 601 5

235 644 456 693 congrua
495 630 594 676 est:
633 627 995 690 petroselinum
1032 626 1277 688 pinsitum
1323 642 1438 675 cum
1481 627 1600 676 vino
1647 630 1739 675 aut
1781 628 1918 676 mala

234 703 447 766 granata
485 703 636 749 tunsa
675 717 789 750 cum
825 700 964 763 vin03
1005 700 1089 747 sed
1128 702 1180 748 et
1218 699 1411 765 apium,
1452 702 1699 763 quantum
1736 703 1917 766 potest,

234 775 472 825 comedat.

122 862 216 907 212
344 849 425 897 Ad
463 848 764 911 spleniticos.
836 847 1043 912 sanguis
1082 848 1142 896 de
1181 847 1448 897 brachiolis
1495 848 1830 897 detrahendus
1869 850 1920 896 et

233 923 417 972 hordeo
459 922 796 985 abstinendus,
828 923 889 969 ut
925 921 1240 970 macilentior
1278 922 1364 986 sit,
1405 923 1457 970 et
1495 922 1673 986 alium,
1713 922 1918 986 nitrum,
1943 936 1992 969 10

232 995 545 1044 marrubium
583 996 841 1058 pinsatum
880 1011 995 1044 cum
1035 995 1285 1044 absinthio
1326 997 1377 1044 et
1415 1011 1529 1044 cum
1565 996 1683 1045 vino
1717 997 1917 1045 austero

234 1069 298 1118 da
335 1086 424 1131 per
462 1085 616 1118 cornu
654 1071 706 1117 et
744 1069 989 1132 ambulet3
1027 1085 1172 1117 mane
1213 1069 1434 1133 spongiis
1474 1069 1649 1118 calidis
1687 1070 1921 1118 foveatur

234 1145 285 1191 et
307 1158 478 1204 pressa
501 1158 656 1190 manu
686 1143 905 1190 fricetur.
963 1142 1005 1189 si
1035 1144 1297 1204 permanet
1318 1145 1488 1191 tumor
1509 1143 1712 1207 ventris,
1743 1145 1919 1205 pectus

233 1216 503 1265 cauteriari
556 1216 811 1279 convenit,
862 1215 976 1263 inde
1027 1215 1309 1264 intermisso
1367 1216 1561 1280 triduo,
1612 1217 1665 1264 id
1714 1219 1791 1265 est
1840 1216 1918 1265 die

234 1290 413 1352 quinta
451 1290 504 1337 in
541 1291 741 1352 pectore
774 1304 1008 1337 mensura
1046 1289 1231 1354 digitos
1270 1291 1439 1338 ternos
1477 1290 1570 1338 hac
1609 1292 1762 1353 atque
1800 1290 1918 1339 illac
1943 1303 1991 1337 15

233 1364 387 1411 adicis
428 1366 478 1412 et
518 1363 586 1411 sic
624 1378 799 1410 rursus
847 1363 1083 1411 cauteria.
1149 1363 1408 1412 observare
1456 1365 1627 1412 autem
1673 1364 1819 1412 debes
1857 1380 1918 1413 ne

230 1454 412 1486 venam
451 1436 725 1485 comburas.

120 1515 216 1561 213
345 1510 693 1573 Tympanitico
735 1510 967 1559 convenit
1013 1511 1227 1558 cinerem
1273 1510 1491 1559 calidum
1537 1527 1652 1560 cum
1698 1527 1820 1576 garo
1866 1511 1919 1559 in

231 1600 399 1647 panno
433 1587 524 1632 aut
555 1584 607 1631 in
638 1584 845 1633 linteolo
870 1584 1107 1632 umbilico
1131 1585 1213 1633 vel
1235 1584 1400 1634 ventri
1431 1585 1706 1634 admovere.
1761 1584 1922 1633 teneri

234 1659 406 1706 autem
437 1674 467 1706 a
499 1657 839 1720 compluribus
872 1658 1033 1718 debet,
1064 1674 1125 1706 ne
1159 1673 1209 1706 se
1234 1659 1565 1708 conluctando
1595 1661 1752 1708 vexet.
1800 1661 1922 1708 tunc
1946 1672 1991 1705 20

231 1731 437 1794 panacis
475 1732 694 1780 radicem
733 1734 784 1779 et
815 1732 877 1779 sil
910 1731 1160 1780 Gallicum
1192 1732 1405 1781 conteris
1437 1749 1551 1781 cum
1583 1733 1691 1782 oleo
1724 1734 1775 1781 et
1804 1732 1920 1781 vino

235 1808 286 1853 et
324 1805 632 1868 tepefactum
669 1821 759 1868 per
796 1821 952 1853 cornu
990 1805 1221 1853 faucibus
1259 1806 1505 1854 infundes,

123 1883 219 1928 214
346 1879 475 1927 Item
515 1879 666 1927 aliud.
730 1879 962 1941 thymum
1002 1879 1299 1943 silvestrem,
1340 1880 1526 1942 cymini
1573 1879 1774 1928 seminis
1814 1895 1922 1927 ace-

233 1953 479 2017 tabulum,
511 1953 673 2000 mellis
705 1952 1017 2016 tantundem,
1048 1953 1180 2001 laser
1206 1953 1570 2017 magnitudinis
1601 1953 1761 2019 fabae,
1794 1953 1923 2002 aceti

234 2027 456 2075 cotulam
506 2026 559 2073 in
614 2042 774 2089 aquae
822 2026 1050 2074 sextariis
1096 2027 1258 2074 tribus
1305 2027 1456 2075 diluis
1504 2029 1555 2075 et
1599 2044 1689 2089 per
1737 2043 1790 2076 os
1839 2027 1913 2074 in·
1942 2039 1987 2071 25

233 2100 403 2147 fundis
458 2099 666 2162 ciboque
717 2117 807 2162 per
855 2102 1051 2148 noctem
1102 2100 1386 2149 abstinebis.
1466 2101 1509 2149 si
1557 2101 1609 2148 id
1658 2117 1758 2149 non
1809 2116 1922 2163 pro-

232 2174 427 2237 fecerit,
477 2170 601 2237 <111>
647 2174 803 2222 latere
851 2174 1051 2222 sinistro
1098 2174 1319 2236 proxime
1367 2177 1557 2223 costam
1601 2174 1923 2223 novissimam

232 2264 322 2309 per
360 2247 727 2311 longitudinem
773 2247 1048 2311 digitorum
1096 2250 1340 2309 quattuor
1383 2249 1518 2298 urito
1565 2265 1666 2297 non
1706 2248 1922 2310 amplius

235 2321 298 2368 ad
339 2321 659 2369 altitudinem
697 2320 856 2385 digiti.
919 2323 1036 2369 usta
1076 2321 1207 2370 sicut
1245 2337 1398 2384 supra
1437 2322 1647 2371 curabis.

123 2403 216 2450 215
346 2394 474 2441 Item
523 2395 662 2455 potio
697 2395 760 2442 ad
789 2394 1101 2456 hydropicos,
1158 2394 1385 2445 conficito
1415 2395 1647 2458 pastillos
1680 2395 1737 2443 de
1770 2395 1916 2443 melle
1940 2407 1986 2439 30

237 2469 288 2515 et
325 2467 509 2529 butyro
550 2470 601 2514 et
647 2468 699 2514 in
747 2467 987 2516 mortario
1034 2483 1148 2515 cum
1202 2469 1299 2516 olei
1346 2470 1526 2531 cyatho
1573 2469 1723 2517 terito
1772 2471 1822 2517 et
1860 2468 1924 2516 da

355 2686 380 2726 5
413 2682 500 2726 hec
523 2682 540 2739 ΙΙ
565 2687 588 2727 7
620 2682 780 2739 potest
809 2682 1003 2738 (puncta
1032 2695 1173 2726 manu
1203 2681 1433 2726 Politiam‘
1461 2684 1514 2724 ut
1543 2681 1739 2736 videtur)
1764 2683 1779 2737 ΙΙ
1803 2685 1829 2725 8
1848 2695 1921 2726 co-

233 2742 400 2786 'ffiedat
422 2743 438 2797 ΙΙ
462 2745 488 2784 9
520 2741 779 2798 pleneticus
806 2743 813 2794 Ι
842 2740 1155 2785 detrahendos
1180 2742 1195 2798 ΙΙ
1222 2744 1275 2783 10
1306 2738 1616 2784 macillentior
1641 2740 1656 2795 ΙΙ
1683 2744 1735 2783 11
1769 2739 1922 2785 absin-

233 2799 302 2845 tio
331 2802 338 2856 Ι
366 2801 541 2844 austeri
564 2802 580 2858 ΙΙ
607 2805 659 2844 12
686 2799 902 2856 spongeis
926 2800 941 2856 ΙΙ
968 2803 1020 2842 16
1053 2798 1200 2843 adicis
1230 2799 1416 2853 scripsi:
1448 2797 1650 2842 adhircis
1675 2800 1690 2855 ss
1716 2803 1770 2843 18
1801 2801 1917 2856 tym-

238 2859 459 2916 panetico
487 2862 495 2915 1
524 2860 677 2903 cinere
717 2857 938 2903 callidum
970 2858 976 2913 Ι
1005 2871 1112 2903 caro
1145 2856 1278 2915 (μετὰ
1309 2857 1559 2914 ἀξουγγίου
1592 2857 1668 2914 Η)
1692 2860 1708 2915 ΙΙ
1733 2863 1787 2902 23
1816 2859 1920 2915 thy—

234 2918 386 2976 mum]
419 2919 611 2962 humum
635 2921 652 2976 ΙΙ
676 2922 732 2962 24
763 2917 910 2961 larser
932 2917 947 2974 ΙΙ
970 2922 1025 2962 25
1059 2918 1218 2961 cutula
1240 2919 1255 2974 ΙΙ
1278 2921 1334 2961 27
1368 2915 1563 2961 sinixtro
1588 2918 1603 2974 ΙΙ
1628 2923 1683 2962 28
1723 2919 1923 2973 quatuor
