2060 3232
183 819 692 880 PELAGONIVS
738 819 1084 880 ARZYGIO
1135 819 1278 881 SVO
1328 821 1708 882 SALVTEM

0 1015 11 1058 3
213 996 413 1065 (Cum)
438 1001 839 1064 frequentissime
870 1003 921 1050 te
953 1016 1108 1064 equos
1140 1001 1362 1066 laudare,
1396 1017 1564 1050 amare
1599 1018 1792 1065 semper

0 1084 8 1118 t
101 1076 418 1125 vehementer
455 1074 727 1124 admirarer
766 1102 835 1108 —
875 1091 966 1124 nec
1003 1075 1236 1125 inmerito
1267 1092 1374 1124 rem
1411 1077 1519 1124 tam
1556 1076 1790 1141 nobilem,

0 1148 11 1231 l
99 1167 207 1199 rem
259 1149 489 1199 omnibus
543 1152 743 1215 gratam
789 1166 955 1198 amare
1002 1166 1102 1199 non
1149 1150 1354 1214 desinis,
1410 1150 1658 1212 siquidem
1704 1151 1790 1200 Sol

0 1237 9 1300 ζ
56 1239 78 1272 5
100 1224 206 1287 ipse
245 1224 476 1273 dominus
510 1225 655 1289 orbis,
695 1225 844 1273 decus
876 1224 1064 1288 mundi,
1098 1225 1203 1274 solo
1236 1240 1483 1286 equorum
1513 1224 1790 1274 ministerio

101 1300 365 1347 contentus
404 1298 586 1348 cotidie
618 1298 759 1347 nobis
793 1300 884 1346 aut
914 1315 1030 1347 cum
1057 1298 1181 1361 ipsis
1213 1300 1305 1346 aut
1342 1315 1431 1361 per
1460 1299 1595 1361 ipsos
1626 1299 1791 1348 reddit

0 1360 34 1424 ἷ-
102 1373 376 1435 optabilem
420 1373 585 1421 lucem
636 1400 698 1406 ——
740 1372 966 1421 imitarer
1012 1373 1216 1435 quidem
1260 1374 1310 1420 te
1358 1375 1409 1420 et
1455 1373 1583 1437 ipse,
1631 1375 1692 1421 ut
1730 1374 1789 1421 de

0 1486 5 1513 3
100 1446 326 1509 ipsorum
363 1447 598 1494 laudibus
638 1446 832 1509 aliquid
871 1446 1155 1510 scriberem,
1203 1446 1246 1494 si
1293 1446 1446 1510 digna
1491 1447 1788 1509 proferrem:

99 1537 234 1570 nunc
271 1537 546 1583 pauperem
581 1521 812 1585 linguam
848 1521 1021 1568 nullus
1069 1522 1160 1568 aut
1205 1520 1429 1569 modicus
1477 1536 1637 1569 sermo
1676 1538 1789 1583 pro-

0 1590 80 1642 '10
102 1595 250 1658 telat,
299 1595 387 1657 qui
436 1597 606 1643 tamen
651 1598 773 1643 tunc
819 1595 1145 1657 proferendus
1202 1596 1298 1658 est,
1347 1610 1462 1642 cum
1507 1610 1652 1643 curas
1700 1597 1791 1643 aut

102 1668 373 1717 medicinas
419 1669 645 1731 ipsorum
689 1669 831 1732 loqui
886 1685 1106 1732 coepero.
1184 1670 1245 1716 tu
1293 1669 1448 1716 lauda
1497 1669 1586 1732 qui
1631 1671 1788 1732 potes,

0 1740 2 1762 ;
102 1746 161 1790 tu
200 1742 382 1807 dignus
423 1758 645 1791 sermone
683 1758 1008 1807 prosequere,
1049 1742 1172 1791 mihi
1212 1742 1400 1791 sufficit
1439 1758 1615 1791 sanare
1657 1744 1791 1805 quod

0 1874 3 1875 ⁷
102 1833 214 1865 amo
276 1819 641 1879 contentusque
707 1833 818 1865 sum
882 1834 961 1865 me
1024 1834 1083 1866 ex
1144 1819 1236 1865 tua
1305 1817 1535 1866 claritate
1602 1817 1787 1866 florere.

0 1884 5 1934 ,ἶ
100 1891 195 1939 tibi
233 1891 367 1939 enim
420 1891 683 1953 quaeritur
735 1891 977 1954 quicquid
1020 1891 1075 1939 in
1119 1891 1262 1940 nobis
1311 1893 1399 1955 est,
1446 1890 1588 1940 nobis
1635 1891 1793 1939 enitet

0 1966 7 2017 ἓ
36 1979 79 2012 15
104 1965 345 2028 quicquid
382 1965 435 2012 in
473 1967 523 2013 te
562 1967 650 2013 est.
729 1980 874 2014 curas
913 1965 1073 2029 igitur
1110 1967 1162 2014 et
1191 1965 1476 2029 medicinaS,
1511 1965 1693 2028 quibus
1732 1968 1792 2013 ut

0 2043 2 2045 ’
103 2054 281 2087 sanum
327 2041 378 2087 et
422 2041 659 2103 vegetum
705 2055 885 2102 corpus
934 2040 988 2087 in
1034 2039 1357 2104 animalibus,
1404 2040 1700 2102 praesertim
1738 2040 1790 2087 in

0 2164 4 2174 ἶ
102 2114 245 2175 equis
290 2115 591 2177 perseveret,
646 2114 741 2162 iste
787 2113 915 2162 liber
965 2114 1224 2176 loquetur:
1274 2130 1424 2176 quem
1469 2115 1530 2161 ut
1576 2114 1791 2162 libenter

103 2187 360 2252 suscipias,
399 2187 637 2235 libentius
675 2187 815 2252 legas
855 2188 1102 2250 deprecor.
1157 2188 1283 2237 vale.

354 2320 420 2367 In
464 2320 573 2369 hoc
618 2320 773 2369 libro
819 2321 963 2368 haec
1010 2322 1151 2368 sunt
1197 2320 1533 2369 medicinae

33 2422 82 2455 20
186 2408 212 2456 I
251 2407 412 2457 Curae
453 2408 517 2456 ad
554 2408 785 2458 morbum
823 2425 1031 2458 omnem.

161 2482 212 2530 H
249 2482 487 2530 Remedia
527 2483 590 2530 ad
628 2483 850 2532 maciem.

137 2556 214 2604 ΠΙ
254 2555 414 2604 Curae
455 2557 519 2604 ad
556 2557 756 2606 febrem.

112 2629 216 2678 IIII
255 2629 415 2678 Curae
456 2631 520 2678 ad
558 2646 735 2680 armos.

226 2806 249 2844 1
280 2800 524 2846 ARZIGIO
564 2803 579 2858 ss
617 2806 643 2845 2
678 2815 783 2845 cum
815 2803 920 2847 add.
953 2802 1200 2847 Buecheler
1233 2802 1360 2846 Mus.
1393 2801 1540 2846 Rhea.
1579 2804 1653 2855 45,
1657 2803 1748 2846 333
1778 2802 1792 2859 1

103 2865 142 2962 ’11Ξ
150 2859 357 2963 §pegi-agg
361 2862 397 2962 Al}
431 2866 482 2904 12
515 2866 714 2918 expectes
745 2861 886 2919 digno
910 2863 926 2918 ΙΙ
952 2866 1006 2906 14
1045 2861 1180 2906 nobit
1210 2862 1358 2905 enitet
1380 2862 1396 2917 ΙΙ
1421 2865 1475 2904 18
1506 2853 1792 2906 EXPLICIT
