2060 3232
771 123 1173 176 —189—

246 251 341 297 384
371 253 428 296 H
446 257 532 297 295
564 253 865 308 Πελαγωνιόυ
895 251 1096 308 ἄλειμμα
1118 252 1453 310 θερμαντικόν.
1486 254 1549 297 M
1558 259 1640 298 123
1660 255 1812 312 ᾏπεῖ

127 312 188 357 ef
221 316 474 414 :is-gemae
518 368 801 427 asclosae]
847 368 937 413 hoc
983 371 1053 413 est
1090 370 1431 424 astulosae,u1·.
1470 373 1690 427 porclaca
1726 387 1810 429 pro

124 431 390 486 portulaca,
415 430 471 472 cf.
490 427 696 473 Marceil.
715 427 847 484 Emp.
867 433 938 482 36,
958 433 1011 472 73
1037 430 1102 485 (p.
1121 432 1206 472 381
1226 428 1298 472 ed.
1319 428 1601 483 Helmreich,
1626 432 1815 476 astlosae

135 488 248 533 edit.
273 486 497 542 Cornarii)
532 488 580 531 ef.
618 485 735 544 Veg.
760 486 825 531 VI
853 490 922 542 14,
947 492 974 531 5
1006 489 1140 542 (unus
1177 488 1323 532 codex
1346 489 1522 532 resinae
1545 492 1811 546 asturosae).

131 547 296 591 eadem
325 547 449 590 redit
480 550 579 590 386.
628 546 686 590 cf.
711 544 830 589 Plin.
854 550 952 590 nat.
978 545 1087 590 hist.
1112 546 1220 590 XVI
1244 549 1302 590 54
1324 561 1519 604 namque
1541 549 1624 603 flos
1645 549 1815 593 crudus

131 619 308 707 rclslilnae
354 619 455 650 cum
500 606 645 650 multa
691 606 846 650 astula
891 607 1020 650 tenui
1056 606 1262 662 brevique
1307 607 1493 652 avulsus
1523 619 1562 650 e.
1589 621 1632 662 q.
1658 623 1694 651 s.
1758 605 1816 651 cf.

131 678 159 708 a
227 666 290 708 ot.
314 669 415 709 323.

250 723 345 767 386
392 724 449 767 Η
473 727 560 767 280
607 722 716 766 ἄλλο
747 721 1079 780 θερμαντικόν.
1113 720 1301 780 ρητίνης
1323 724 1631 779 Κολοφωνίας
1660 730 1714 780 ’γό
1748 724 1814 779 δ’,

131 782 345 826 ὑσσώπου
386 790 441 838 ›y6
474 781 521 837 β’
562 785 655 826 κτλ.
743 816 752 825 .
796 816 805 825 .
846 781 985 826 οὐδὲν
1032 781 1084 826 δὲ
1134 781 1278 833 οὕτως
1314 790 1539 839 χειμῶνος
1584 781 1682 843 ὥρᾳ
1730 799 1819 838 φυ-

131 841 285 884 λάττει
315 841 495 900 ἀβλαβῆ
527 839 586 883 τὰ
617 817 710 894 ζῶα
742 841 801 891 ὡς
831 840 883 884 τὸ
910 839 1238 898 συνεχέστερον
1270 840 1352 885 διὰ
1376 840 1568 899 κέρατος
1598 828 1816 886 κονὸἴτον

132 898 403 959 λαμβάνειν.
466 901 528 943 Μ
558 903 642 944 110
675 899 790 945 ωιε’.
847 900 902 944 cf.
930 904 1031 944 384.

250 958 341 1003 387
377 958 471 1003 388
496 959 553 1002 H
578 962 665 1002 304
689 958 797 1015 περὶ
821 961 1120 1015 λαχανισμοῦ.
1169 954 1253 1002 ἐὰν
1278 965 1500 1033 χειμῶνος
1539 959 1637 1020 ὥρα
1677 963 1819 1016 λαχα-

136 1019 266 1062 νίσαι
295 1016 440 1092 θέλῃς
457 1020 587 1072 ζῶον,
619 1017 711 1075 πρὸ
744 1024 852 1074 μιᾶς
882 1016 1057 1074 ἡμέρας
1089 1016 1267 1074 ἕψησον
1293 1015 1516 1075 ἐπιμελῶς
1538 1018 1590 1062 τὸ
1615 1018 1818 1075 λαχανον

135 1077 218 1121 καὶ
247 1079 374 1121 ποιέι
406 1077 466 1128 ὡς
495 1076 721 1152 κολλύρας
753 1077 905 1151 βαλὼν
948 1076 1105 1121 ἔλαιον
1144 1076 1226 1120 καὶ
1257 1076 1370 1149 ἅλας
1407 1076 1708 1150 λελειωμένον
1739 1077 1820 1122 καὶ

137 1134 462 1190 πετροσέλινον
494 1137 575 1179 καὶ
605 1136 803 1193 κύμινον
837 1132 888 1180 ἐν
922 1131 1077 1194 ἐκείνῃ
1109 1142 1163 1193 τῇ
1195 1134 1359 1197 ἡμέρᾳ.
1420 1142 1476 1192 τῇ
1515 1137 1566 1181 δὲ
1608 1132 1712 1194 ἑξῆς
1743 1138 1819 1192 ξη-

130 1195 328 1252 ροτέραν
371 1195 456 1251 τὴν
504 1195 696 1252 ἄρτυσιν
746 1196 873 1239 ποιέι
916 1195 1164 1251 ἀξούγγιον
1222 1181 1493 1252 προστιθεὶς
1538 1195 1619 1239 καὶ
1666 1197 1815 1239 δίδου.

135 1255 195 1299 Η
221 1259 305 1298 305
345 1255 456 1311 περὶ
494 1255 853 1311 ἀξουγγιασμοῦ.
918 1253 1161 1298 καλλιστον
1205 1254 1427 1328 βοήθημα
1465 1261 1690 1311 χειμῶνος
1721 1254 1818 1316 ὥρα

136 1313 325 1357 διδόναι
366 1318 428 1372 τῷ
472 1314 569 1389 ζώω
607 1313 723 1370 πρὸς
760 1312 819 1356 τὰ
865 1308 998 1364 ἐντὸς
1044 1309 1351 1370 ἐπιγενόμενα
1389 1312 1526 1368 πάθη
1566 1300 1816 1387 ἀξούγγιον

50 1399 59 1409 κ
133 1372 249 1444 μετὰ
294 1373 461 1429 πίσσης
504 1373 649 1428 ὑγρᾶς
690 1373 772 1415 καὶ
827 1367 998 1416 ἐλαίου.
1067 1374 1262 1446 θερείας
1315 1372 1367 1416 δὲ
1410 1372 1660 1429 ἀξούγγιον
1704 1389 1819 1429 μετα

133 1429 312 1488 μέλιτος
341 1431 423 1475 καὶ
455 1431 682 1503 βουτύρου
714 1431 795 1474 καὶ
825 1431 1016 1489 πράσων
1048 1431 1130 1474 καὶ
1161 1427 1318 1475 ε’λαίου
1351 1429 1556 1489 ροδίνου
1603 1438 1738 1475 τοῦτο
1764 1430 1816 1475 δὲ

135 1490 357 1540 πολλάκις
387 1488 659 1549 λαμβανέτω
690 1490 741 1534 τὸ
774 1493 903 1544 ζῶον.
968 1491 1027 1534 Μ
1057 1496 1140 1534 147
1173 1490 1334 1552 αραβᾜ
1389 1490 1532 1551 aoqy'
1565 1493 1816 1547 perierunt.

258 1550 355 1594 390
392 1550 450 1594 H
475 1553 562 1594 305
610 1549 873 1606 κατασκευὴ
912 1546 1177 1607 τεθρίππου
1217 1565 1300 1594 του
1340 1535 1593 1606 λεγομένου
1632 1550 1821 1606 κουδρι-

142 1606 323 1666 γαρίου.
358 1610 420 1653 Μ
451 1614 533 1653 147
566 1609 711 1670 ᾳρρδ’
744 1609 901 1665 periit.
940 1608 1043 1666 Veg
1046 1608 1138 1652 VI
1157 1614 1225 1664 13,
1244 1614 1291 1662 33
1325 1609 1385 1652 ad
1409 1608 1656 1664 Pelagonii
1678 1608 1823 1653 verba

135 1669 345 1724 proxime
356 1667 538 1712 accedit
547 1654 692 1711 codex
702 1625 1043 1723 Cor‘beiensis,g
1028 1668 1108 1723 qui
1121 1668 1248 1712 solus
1264 1668 1409 1712 habeiz
1423 1666 1815 1723 xylocinnamum,

137 1741 293 1771 meum
326 1728 464 1783 (μῆον
497 1725 703 1772 Dioscor.
729 1725 820 1784 13)
854 1727 1119 1785 casiamque
1161 1727 1366 1783 (praeber
1397 1739 1570 1771 casiam
1602 1725 1818 1783 nigram).

267 1785 325 1829 in
374 1785 511 1844 alio]
559 1786 604 1830 b.
646 1800 683 1830 e.
731 1785 780 1829 in
826 1785 975 1830 altero
1030 1786 1189 1830 codice
1245 1786 1469 1842 scripizum
1508 1787 1610 1829 erat
1655 1785 1822 1831 calami

133 1844 334 1902 Syriaci,
366 1848 495 1889 asari
522 1844 721 1901 Pontici,
744 1846 1001 1912 yentianae,
1024 1844 1075 1888 in
1099 1845 1248 1888 altero
1273 1845 1492 1900 camistri,
1519 1845 1679 1889 laseris
1702 1845 1821 1889 Pon-

133 1905 230 1958 tici,
259 1905 519 1961 gentianae,
550 1905 708 1947 utrum
730 1905 884 1948 verius
917 1905 978 1949 sit
1010 1902 1155 1948 statui
1178 1903 1354 1959 nequit,
1386 1918 1492 1947 cum
1521 1902 1640 1946 illud
1663 1902 1767 1960 Veg
1770 1915 1816 1946 e-

139 1963 232 2007 izius
274 1963 445 2020 legisse
497 1962 706 2006 videatur
754 1964 939 2018 (calami
991 1962 1179 2020 Syriaci
1225 1960 1408 2018 Corb.)‚
1455 1963 1544 2006 hoc
1589 1963 1820 2018 interpres

137 2021 342 2066 Graecus
390 2023 723 2079 (καλαμίνθης,
770 2022 976 2079 λασάρου
1022 2024 1281 2076 Ποντικοῦ,
1326 2022 1619 2078 γεντιανῆς),
1664 2021 1734 2065 iba
1770 2023 1824 2064 ut

137 2081 264 2137 quod
294 2081 498 2125 traditur
521 2083 727 2126 camistri
749 2081 894 2125 fuisse
919 2081 1194 2125 crediderim
1218 2082 1455 2126 mentastri
1477 2081 1554 2137 (cf.
1579 2055 1654 2125 P’s.
1680 2079 1820 2136 Apul.

136 2140 266 2184 herb.
300 2145 357 2184 90
400 2141 566 2186 Graeci
603 2141 911 2185 calaminthen
951 2140 1252 2185 ..Latini
1296 2144 1593 2185 mentastrum
1626 2140 1820 2195 vocant).

137 2199 458 2243 additamenta
489 2197 680 2255 Vegetii
710 2199 877 2255 sprevi.
925 2199 981 2243 cf.
1007 2199 1125 2243 Mus.
1149 2198 1295 2242 Rhen.
1322 2204 1379 2242 46
1402 2213 1448 2254 p.
1474 2201 1574 2241 375.

257 2257 350 2301 391
394 2258 453 2301 H
481 2262 565 2302 178
605 2259 907 2314 Πελαγωνίου
946 2256 1209 2313 κατασκευὴ
1249 2257 1556 2332 ἀρτηριακοῦ·
1621 2256 1824 2314 σμύρνης

143 2313 438 2372 τρωγλίτιδος
467 2324 522 2373 ’γό
553 2316 602 2360 δ’
606 2316 837 2374 ,κρόκου,
870 2318 1058 2373 σχοίνου
1090 2315 1272 2367 ἄνθους
1302 2315 1397 2360 ἀνὰ
1429 2323 1480 2373 γό
1505 2315 1554 2359 δ’
1587 2319 1681 2361 κτλ.
1728 2328 1824 2360 cro-

142 2389 246 2419 cum
280 2376 412 2420 deest
441 2376 492 2419 in
522 2350 703 2420 Lat’inis
736 2375 990 2420 codicibus.
1052 2375 1115 2419 M
1142 2379 1224 2419 145
1258 2392 1289 2418 α
1292 2374 1407 2433 ρνζ’.

259 2433 417 2489 folii,
449 2435 646 2509 nardi]
670 2448 730 2478 an
761 2436 867 2490 folii
897 2435 1040 2480 nardi
1068 2436 1123 2478 ut
1146 2438 1262 2478 393?
1292 2392 1352 2479 cf.
1380 2439 1465 2478 114
1488 2434 1595 2489 folii
1616 2434 1822 2478 nardini.

257 2493 352 2538 392
399 2471 458 2538 H
492 2497 576 2538 178
617 2492 740 2539 ἄλλο.
820 2494 1024 2552 σμύρνης
1067 2501 1122 2550 γό
1163 2493 1216 2548 ι’,
1254 2491 1492 2551 πεπέρεως
1537 2501 1592 2549 γᾶ
1637 2492 1684 2549 ’γ’
1729 2496 1821 2536 κτλ.

142 2552 204 2595 Μ
235 2555 320 2596 145
353 2553 512 2614 αρνηζ
544 2553 594 2596 in
624 2553 678 2596 H
706 2554 995 2598 nasturcium
1026 2567 1119 2597 non
1149 2555 1447 2597 memoratur.

260 2598 427 2657 arida
473 2611 817 2686 contundes]
866 2615 920 2657 ut
958 2616 1045 2656 393
1092 2612 1231 2656 arida
1281 2612 1526 2657 contundes
1570 2615 1612 2655 et
1657 2623 1821 2655 cernes.

142 2669 201 2714 τὰ
231 2670 376 2727 τηκτὰ
408 2666 588 2728 ἑψήσας
605 2667 852 2746 ἐπίβαλλε
865 2671 923 2715 τὰ
955 2670 1087 2728 ξηρὰ,
1118 2671 1411 2728 προσμίσγων
1443 2667 1545 2726 μέλι
1575 2669 1638 2712 Η.

259 2730 352 2774 393
385 2731 443 2774 H
470 2734 555 2774 178
587 2729 711 2775 ἄλλο.
767 2730 972 2787 σμύρνης
1001 2738 1056 2787 γό
1086 2730 1152 2787 γ’,
1185 2729 1486 2786 κινναμώμου
1523 2735 1577 2784 γό
1608 2727 1684 2771 ac'
1727 2730 1820 2770 κτλ.

142 2789 205 2832 Μ
233 2792 318 2832 145
350 2788 513 2850 αρνθῖ

263 2861 404 2893 uvae
433 2848 878 2907 hammoniacae]
911 2848 992 2892 vix
1013 2849 1154 2892 recte.
1195 2848 1496 2904 ἀμμωνιακοῦ
1520 2845 1631 2889 ΗΡ.
1665 2846 1826 2889 subest

146 2906 301 2962 potius
332 2921 426 2953 uva
455 2908 621 2952 amomi
651 2922 791 2963 quam
822 2907 986 2952 laudat
1016 2906 1196 2951 Plinius
1220 2905 1307 2950 XII
1330 2910 1402 2961 48,
1435 2907 1517 2949 aut
1545 2908 1676 2961 quita
1698 2905 1825 2949 ham-
