2060 3232
556 806 1063 869 PELAGONIVS
1116 807 1461 867 FALERIO
1527 807 1671 868 SVO

233 987 258 1031 l
387 991 556 1052 Equos
589 987 718 1036 circo
750 987 1004 1050 sacrisque
1036 986 1391 1035 certaminibus
1424 986 1768 1049 quinquennes
1799 1001 1960 1050 usque

275 1066 338 1114 ad
362 1080 549 1112 annum
571 1061 872 1126 vigesimum
893 1062 1190 1123 plerumque
1214 1060 1419 1109 idoneos
1444 1061 1752 1124 adseverant,
1783 1060 1960 1108 usibus

275 1140 445 1187 autem
490 1135 774 1185 domesticis
826 1151 855 1182 a
899 1135 1033 1183 bimo
1086 1149 1248 1197 usque
1299 1135 1352 1182 in
1409 1150 1597 1182 annum
1650 1133 1962 1183 tricesimum

273 1210 574 1261 necessarios
600 1224 703 1258 esse
730 1208 865 1271 apud
888 1207 1330 1272 diligentissimum
1352 1207 1611 1257 dominum
1627 1209 1960 1257 certissimum
2006 1215 2029 1248 ⁵

275 1288 361 1335 est.
434 1299 680 1337 annorum
723 1284 872 1331 notae
919 1298 1035 1330 cum
1081 1297 1284 1344 corpore
1330 1283 1607 1330 mutantur.
1678 1298 1797 1331 nam
1843 1282 1965 1330 dum

273 1361 437 1407 bimus
477 1360 528 1406 et
565 1373 650 1406 sex
679 1371 907 1405 mensum
938 1358 1027 1420 est,
1058 1355 1211 1404 medii
1241 1355 1413 1404 dentes
1445 1356 1722 1418 superiores
1754 1356 1964 1418 cadunt3

276 1450 391 1482 cum
440 1433 680 1495 quartum
729 1447 918 1479 annum
972 1430 1104 1494 agit,
1159 1429 1221 1477 iis
1278 1429 1367 1492 qui
1419 1429 1586 1478 canini
1644 1431 1966 1493 appellantur

277 1506 479 1555 deiectis
518 1505 644 1554 alios
685 1505 859 1553 adfert.
899 1504 1034 1552 intra
1073 1506 1270 1552 sextum
1308 1503 1484 1552 deinde
1524 1519 1713 1552 annum
1749 1504 1963 1554 molares

277 1580 554 1643 superiores
594 1579 803 1642 cadunt;
843 1580 980 1627 sexto
1021 1594 1151 1626 anno
1192 1592 1317 1640 quos
1348 1578 1510 1640 primo
1549 1578 1782 1643 mutavit,
1823 1594 1962 1627 exae-
1990 1579 2031 1618 1⁰

278 1656 415 1717 quat.
479 1653 690 1715 septimo
725 1667 892 1702 omnes
925 1652 1190 1714 explentur
1220 1652 1502 1714 aequaliter
1532 1654 1582 1700 et
1613 1669 1673 1700 ex
1704 1669 1760 1701 eo
1793 1652 1965 1701 dentes

277 1730 481 1777 cavatos
527 1727 678 1791 gerit,
727 1742 816 1775 nec
867 1728 1044 1788 postea
1093 1727 1219 1788 quot
1274 1742 1519 1774 annorum
1565 1726 1653 1789 sit,
1699 1726 1964 1775 manifesto

277 1800 625 1864 comprehendi
662 1802 830 1863 potest
867 1800 966 1848 nisi
1006 1815 1036 1847 a
1067 1799 1394 1848 subtilissimo
1429 1801 1480 1847 et
1518 1815 1548 1848 a
1579 1799 1964 1864 diligentissimo

276 1875 488 1924 homine.
567 1875 814 1937 quaedam
869 1874 1003 1923 enim
1056 1873 1200 1938 signa
1255 1873 1436 1922 aetatis
1496 1873 1687 1936 proprii
1742 1874 1962 1936 corporis

276 1951 460 1997 natura
496 1948 743 2012 permisit,
792 1964 920 2010 quae
959 1962 1049 1996 nos
1087 1947 1249 2011 magis
1297 1947 1454 1997 oculis
1501 1948 1962 2010 comprehendimus
1989 1958 2032 1990 15

279 2039 430 2085 quam
476 2023 684 2086 legendo
733 2022 1048 2070 addiscimus
1105 2021 1294 2070 decimo
1341 2023 1511 2069 tamen
1559 2038 1688 2070 anno
1736 2024 1965 2084 tempora

277 2096 444 2144 cavari
494 2096 742 2158 incipiunt
789 2098 839 2144 et
885 2095 1152 2158 supercilia
1198 2108 1561 2158 nonnunquam
1607 2111 1863 2145 canescere
1914 2098 1964 2144 et

277 2171 447 2218 dentes
486 2170 777 2232 prominere.
834 2170 1125 2218 duodecimo
1167 2185 1295 2218 anno
1343 2169 1549 2233 nigredo
1596 2169 1650 2217 in
1694 2170 1962 2218 medietate

277 2244 502 2292 dentium
534 2246 753 2306 apparet.
811 2259 927 2291 sane
961 2243 1243 2292 domesticis
1267 2244 1542 2307 pecoribus,
1575 2243 1626 2291 id
1662 2246 1738 2291 est
1761 2243 1963 2292 domitis

278 2319 329 2365 et
372 2317 511 2364 freno
559 2317 779 2364 adsuetis
830 2317 1092 2380 diligentia
1138 2317 1350 2381 invenit,
1398 2319 1459 2364 ut
1505 2332 1660 2366 annos
1707 2317 1760 2365 in
1808 2317 1962 2366 labris
1988 2327 2031 2359 2⁰

279 2390 686 2452 comprehendas3
717 2405 870 2454 rugas
902 2390 1061 2453 igitur
1092 2406 1121 2438 a
1151 2392 1312 2439 rostro
1337 2391 1629 2452 incipientes
1661 2391 1962 2456 numerabis,

280 2478 434 2512 annos
473 2479 709 2511 numerus
747 2480 991 2527 rugarum
1030 2464 1259 2512 ostendit.
1316 2464 1518 2513 difficile
1559 2467 1634 2513 est
1673 2481 1737 2513 an
1777 2467 1827 2514 et
1865 2482 1967 2514 non

280 2537 468 2586 domito
507 2536 674 2599 pecori
712 2552 865 2600 rugas
904 2537 1142 2585 invenias.

399 2695 425 2734 3
457 2690 714 2748 plerunque
737 2692 753 2748 ΙΙ
776 2695 802 2734 6
827 2704 1050 2736 annorum
1079 2691 1193 2737 Gol.:
1223 2691 1390 2736 horum
1414 2694 1430 2748 11
1455 2697 1478 2736 7
1503 2694 1735 2750 mensum]
1760 2695 1969 2750 repetivit

284 2751 547 2795 Politianus
576 2752 629 2794 in
666 2751 873 2807 maryine
909 2752 924 2808 ΙΙ
963 2757 989 2795 8
1027 2750 1099 2794 his
1140 2753 1147 2806 Ι
1189 2750 1454 2807 apellantur
1485 2752 1499 2807 ΙΙ
1531 2755 1586 2795 10
1618 2752 1792 2808 primos
1828 2753 1922 2798 Col.

284 2811 482 2865 exequat
503 2810 518 2866 ΙΙ
543 2813 598 2852 12
632 2810 755 2865 quod
778 2812 795 2865 ΙΙ
821 2813 874 2853 13
907 2809 1207 2853 suctilissimo
1231 2812 1246 2868 ss
1274 2812 1327 2854 14
1360 2809 1500 2854 etatis
1531 2811 1690 2867 propri
1713 2813 1728 2868 ΙΙ
1755 2816 1808 2855 15
1840 2825 1930 2867 que

284 2869 717 2928 comprehendimus
739 2870 756 2925 ΙΙ
778 2873 834 2912 22
867 2883 1081 2913 numeros
