2060 3232
835 117 1233 170 -128—

193 262 317 321 ροῦν
349 253 460 321 ἕχον
497 254 695 321 γλύμμα
731 251 926 313 λέοντος
972 251 1056 303 καὶ
1100 250 1265 303 ἐπάνω
1304 250 1478 320 ἀστέρα
1523 251 1753 303 ὑποκάτω
1793 259 1882 318 τῆς

193 329 374 396 γούλας
412 326 656 395 κρέμασον
693 326 777 378 καὶ
814 327 1105 401 θαυμάσεις.

58 404 181 450 485*
309 404 371 452 Η
395 405 526 452 243:
558 399 719 452 ’Ἀλλο.
793 399 881 451 ἐὰν
934 400 967 472 ᾖ
1020 402 1151 451 πύον
1205 399 1315 466 ε’χον
1369 399 1422 450 τὸ
1476 400 1703 465 θλάσμα,
1757 396 1884 450 ἀπο-

197 476 408 544 χαράξας
448 475 568 540 ὅλην
606 474 698 539 τὴν
737 472 896 539 ὁπλὴν
933 474 1056 525 κατὰ
1086 475 1283 541 βάθους
1312 473 1396 523 καὶ
1425 473 1511 524 τὸν
1541 473 1694 524 τόπον
1724 477 1886 533 καλῶς

199 550 452 611 διανοίξας
490 549 742 599 κατάντλει
779 546 1029 619 ὅξυκράτῳ
1078 547 1162 598 καὶ
1207 547 1261 597 τὸ
1307 555 1499 613 τραῦμα
1543 548 1787 614 θεράπευε
1825 554 1883 616 τῇ
1930 559 1952 593 5

197 623 350 693 ὑγρᾷ,
375 623 458 674 καὶ
475 621 631 673 στέατι
649 622 816 692 αἰγείῳ
839 621 922 672 καὶ
945 622 1219 692 προβατείῳ
1252 619 1527 687 ἀναχεύσας
1548 621 1884 690 ξυλοσπογγίῳ

197 696 379 764 ἐπίχριε
416 696 501 748 καὶ
537 696 726 763 κόπρον
773 696 975 746 ἱππείαν
1021 694 1178 763 ξηρὰν
1224 694 1389 745 ἐπάνω
1435 693 1608 755 ἐπίθες
1650 694 1735 744 καὶ
1780 693 1885 744 ἐπι-

200 769 378 837 δέσμει.
440 769 533 831 ἕξει
570 770 662 838 γὰρ
701 773 874 829 καλῶς.

87 846 186 893 486
314 847 373 894 Η
403 848 504 895 191
543 840 636 913 (=
662 846 728 894 M
750 847 819 894 54
843 838 938 911 τ’);
969 842 1292 910 Πελαγωνίου
1323 842 1393 902 εἰς
1416 842 1469 892 τὸ
1494 841 1627 892 αὐτό.
1665 842 1887 908 βοτάνην

202 917 294 984 τὴν
339 917 608 986 λεγομένην
655 918 979 985 ροδοδάφνην
1022 916 1108 967 καὶ
1152 915 1321 984 ἑτέραν
1367 917 1587 983 βοτάνην
1631 916 1886 983 περδίκιον
1912 929 1954 962 10

202 992 293 1057 τὴν
331 991 385 1043 ἐν
416 997 518 1052 τοῖς
547 992 728 1058 τοίχοις
758 989 867 1057 ’ἤτοι
897 991 1139 1059 σιδηρῖτιν
1170 989 1337 1057 λαβὼν
1367 990 1453 1040 καὶ
1482 989 1692 1055 ποιήσας
1724 990 1889 1056 δεσμί-

203 1067 288 1116 δια
325 1067 434 1132 τρία
471 1063 737 1130 ἀφέψησον
776 1066 847 1125 εἰς
882 1064 994 1125 ὄξος
1033 1064 1182 1132 δριμὺ
1212 1064 1296 1114 καὶ
1333 1063 1496 1115 ἔλαιον
1534 1065 1741 1131 χυδαῖον
1772 1063 1890 1130 μετὰ

202 1138 523 1206 ἀφρονίτρου,
560 1139 644 1189 καὶ
681 1138 800 1204 μετὰ
839 1137 891 1188 τὸ
924 1137 1183 1203 ἀφεψῆσαι
1213 1137 1485 1204 πρόσμιξον
1516 1138 1661 1188 θείου
1693 1136 1889 1204 ἀπύρου

201 1213 255 1263 τὸ
296 1211 485 1280 ἀρκοῦν
521 1212 607 1263 καὶ
644 1211 922 1277 έπαλείφων
962 1212 1032 1272 εἷς
1069 1212 1212 1276 ἥλιον
1260 1212 1389 1273 ἅπαξ
1443 1219 1529 1278 τῆς
1573 1209 1756 1280 ἡμέρας
1800 1217 1890 1262 θε-

199 1288 471 1354 ραπεύσεις.
598 1336 603 1339 μ
1914 1298 1956 1332 15

87 1362 182 1407 487
313 1363 373 1410 Η
403 1364 504 1410 191
534 1356 628 1426 (=
647 1363 714 1409 M
728 1363 797 1411 54
822 1354 949 1429 τα’);
975 1357 1120 1410 ’Άλλο
1154 1359 1375 1425 δόκιμον.
1436 1358 1601 1410 ἐλαίου
1626 1357 1793 1421 ξέστας
1815 1360 1890 1426 ἓξ,

203 1433 405 1502 κεδρέας
444 1432 611 1495 ξέστας
642 1434 717 1499 ἐξ,
754 1435 934 1499 πίσσης
972 1433 1127 1501 υγρᾶς
1165 1432 1332 1495 ξέστας
1364 1434 1447 1499 ἓξ,
1484 1434 1631 1484 θείου
1671 1433 1891 1500 δραχμὰς

193 1509 268 1574 ἓξ,
308 1509 484 1574 μίσυος
523 1507 576 1558 τὸ
616 1508 745 1574 ι’σον,
785 1506 1037 1573 ἀσφάλτου
1078 1507 1295 1575 δραχμας
1336 1508 1445 1573 δύο,
1482 1515 1641 1575 κηροῦ
1672 1506 1890 1600 δραχμὰς

198 1579 252 1650 γ’
253 1619 269 1648 ,
309 1582 607 1649 στυπτηρίας
639 1589 834 1648 σχιστῆς
865 1581 1082 1650 δραχμὰς
1113 1578 1183 1648 γ’,
1223 1582 1444 1650 ρητίνης,
1473 1582 1644 1650 νίτρου
1675 1580 1729 1632 τὸ
1761 1582 1889 1647 ἴσον,

199 1657 437 1721 σταφίδος
476 1655 650 1724 ἀγρίας
689 1655 906 1724 δραχμὰς
944 1657 1026 1722 ἐξ,
1074 1654 1220 1717 ὄξους
1266 1654 1434 1717 ξέστας
1479 1652 1553 1722 β’,
1600 1655 1887 1721 συνεψήσας
1911 1669 1955 1702 20

198 1728 356 1780 ἕνάλει
402 1749 475 1781 ον.

63 1804 162 1849 488
313 1742 467 1855 Ηψ49
511 1798 607 1872 (=
631 1807 695 1853 M
719 1807 785 1855 65
813 1798 954 1872 υβ’);
1003 1803 1142 1871 Πρὸς
1165 1803 1409 1870 ὑπόχυσιν
1440 1803 1657 1868 φυσικὸν
1687 1809 1889 1870 θαυμα-

200 1877 315 1928 στὸν
354 1879 584 1943 βοτάνης.
653 1877 860 1928 νοσσιὰν
899 1877 1147 1944 χελιδόνος
1196 1876 1425 1928 καθελὼν
1471 1877 1591 1927 ὥστε
1637 1875 1796 1943 μηδὲν
1833 1877 1887 1928 τὸ

199 1952 413 2003 σύνολον
450 1951 646 2001 εκεῖθεν
682 1950 975 2016 ἀπολέσθαι,
1013 1950 1131 2018 λαβὲ
1171 1949 1223 2001 δὲ
1269 1971 1361 2043 την
1407 1950 1565 2016 αυτην
1611 1951 1827 2002 νοσσιαν
1855 1972 1891 2018 η

198 2025 253 2076 ἐν
290 2024 472 2096 κόλπω,
509 2046 544 2091 η
582 2024 635 2075 ἕν
674 2025 915 2094 στρώματι
952 2026 1069 2092 βάλε
1105 2046 1140 2091 η
1170 2023 1225 2075 ἐν
1269 2024 1419 2096 κόγχῃ
1457 2023 1492 2091 ἢ
1531 2024 1658 2076 ὅπου
1703 2026 1889 2092 βούλει,
1914 2038 1956 2072 25

199 2098 282 2149 καὶ
320 2097 568 2166 ἐπιβαλὼν
605 2099 740 2167 ’ὕδωρ
771 2100 982 2167 τάραξον
1023 2098 1106 2150 καὶ
1151 2097 1392 2165 ἀναμίξας
1439 2098 1610 2165 εἀσον,
1649 2097 1787 2167 άχρις
1826 2094 1889 2151 ου

209 2173 456 2243 διηθισθῇ
476 2210 491 2238 ,
552 2172 636 2223 καὶ
695 2173 813 2239 μετὰ
869 2172 923 2223 τὸ
979 2181 1279 2239 καταστῆναι
1337 2173 1482 2224 δίδου
1542 2174 1756 2237 διψῶντι
1820 2178 1886 2245 τῷ

199 2247 303 2318 ζώω
349 2252 479 2297 πιεῖν
518 2267 552 2312 η
591 2246 673 2297 διὰ
723 2245 926 2315 κέρατος
979 2246 1274 2314 ἐγχυμάτιζε,
1319 2246 1404 2298 καὶ
1455 2247 1686 2316 παρευθυ
1736 2253 1888 2316 θερα-

199 2322 411 2380 πεύσεις.

319 2454 345 2493 3
377 2451 569 2504 θλᾶσμα
599 2448 651 2491 Η
687 2449 702 2504 ΙΙ
732 2452 761 2491 4
792 2446 903 2504 ολην
935 2462 1017 2493 om,
1051 2449 1108 2492 H
1133 2451 1159 2521 ΙΙ
1198 2455 1223 2494 6
1255 2449 1539 2508 προβατείου
1570 2450 1628 2493 Η
1658 2451 1674 2505 ss
1712 2454 1738 2494 9
1740 2450 1887 2506 πρὸς

199 2506 472 2582 αυτόΜΙΙΙὸ
498 2505 604 2551 δόκι
606 2520 789 2563 μ.ονοιη
807 2507 1099 2564 ΗΡ1117.18
1119 2505 1173 2560 ἐξ
1196 2508 1241 2551 Ρ
1287 2514 1316 2557 ξ
1339 2507 1610 2564 Η1118δύο
1634 2508 1692 2551 Η
1739 2510 1771 2552 Β
1800 2509 1847 2553 Ρ
1873 2509 1887 2565 Η

203 2572 255 2610 19
290 2563 466 2624 ριτίνης
494 2566 541 2610 Ρ
560 2568 576 2625 ΙΙ
607 2571 662 2609 22
687 2565 803 2623 πρὸς
825 2565 1052 2623 ὑπόχυσιν
1078 2566 1279 2622 φυσικὸν
1303 2566 1581 2623 θαυμαστὸν
1607 2565 1807 2636 βοτάνης
1830 2568 1895 2612 Μ

201 2625 421 2682 (φυσικόν
451 2627 505 2670 i‘n
534 2639 676 2683 mam.
715 2638 798 2669 scr.
801 2626 835 2682 ):
870 2625 987 2683 πρὸς
1017 2624 1246 2703 ὑπόχυσιν
1285 2625 1485 2682 φυσικόν
1520 2627 1567 2669 Ρ
1625 2627 1791 2670 omittit
1821 2631 1886 2671 to-

199 2691 296 2729 tum
327 2687 485 2729 lemma
509 2684 567 2729 H
591 2686 606 2742 11
630 2688 687 2728 24
714 2683 826 2757 λαβὲ
846 2698 997 2758 usque
1029 2685 1259 2742 στρώματι
1290 2698 1374 2730 om.
1400 2684 1503 2728 ΗΡ
1529 2686 1545 2740 ΙΙ
1569 2689 1624 2728 25
1653 2683 1763 2743 βάλε
1782 2686 1891 2729 PM

201 2742 337 2817 βάλλε
361 2744 419 2788 Η
438 2741 489 2799 Ι
472 2741 501 2798 ὴ
535 2742 585 2788 ἐν
608 2740 798 2802 κόγχῃ
782 2741 810 2798 ὴ
845 2740 961 2788 οπου
988 2743 1167 2819 βούλει
1167 2744 1242 2788 M:
1271 2742 1321 2788 ἐν
1353 2743 1522 2803 ἀγγείῳ
1540 2744 1643 2787 ΗΡ
1663 2746 1678 2801 ΙΙ
1702 2749 1758 2788 26
1791 2757 1885 2800 seq.

199 2801 404 2860 τάραξον
446 2802 527 2847 καὶ
564 2808 700 2847 τοῦτο
739 2801 974 2859 διήθησον
1013 2802 1094 2847 καὶ
1123 2803 1175 2847 τὸ
1218 2801 1454 2859 ἀπήθημα
1494 2789 1633 2846 δίδου
1683 2804 1883 2859 διψῶντι

199 2866 262 2919 τῷ
295 2862 391 2921 ζώω
422 2866 548 2906 πιεῖν
580 2860 609 2917 ἢ
642 2860 723 2906 καὶ
754 2861 835 2906 διὰ
866 2860 1059 2919 κέρατος
1083 2858 1350 2920 εγχυμάτιζε
1377 2862 1473 2906 ΗΡ
1500 2863 1675 2907 omissis
1699 2862 1885 2920 ceteri-Sd

201 2906 256 2965 2‘7
290 2907 516 2979 διεθισθῇ
551 2922 613 2965 Μ
