2060 3232
0 344 2 444 J

827 115 1234 168 —121—

188 253 419 316 partibus
465 269 579 303 cum
622 244 817 310 resina‘
832 251 1118 314 liquefactis
1162 249 1355 299 farinae
1408 251 1698 301 hordeaciae
1747 251 1880 302 subi-

190 328 344 392 gitur,
382 328 442 375 ut
480 326 547 375 sit
582 325 636 373 in
673 324 878 374 modum
924 326 1282 389 cataplasmae,
1323 324 1458 386 quod
1503 325 1720 374 calidum
1757 326 1880 376 locis

191 400 556 450 admovendum
579 401 656 449 est
678 399 731 447 in
755 399 833 447 die
863 398 954 447 bis.
1011 414 1132 447 sana
1159 395 1263 460 [ne]
1290 398 1333 446 si
1363 399 1481 447 usta
1504 401 1651 447 erunt
1675 402 1725 448 et
1750 416 1880 462 pura

191 477 243 524 et
272 473 553 524 cicatricem
581 473 877 537 remiserint,
909 473 1213 537 malagmate
1244 472 1341 521 isto
1365 471 1445 520 uti
1476 473 1719 523 convenit.
1758 474 1879 536 lycii
1895 473 1991 522 449

146 593 168 626 5
194 577 322 626 aridi
360 557 406 642 fi.
440 577 565 641 IIII,
624 577 813 639 pilulae
877 577 1097 639 cupressi
1142 554 1188 638 ἕ).
1221 576 1347 640 IIII,
1395 576 1641 641 axungiae
1680 554 1727 635 f).
1759 577 1877 643 IIII,

188 651 383 700 resinae
442 651 600 699 frixae
646 651 753 715 lib.,
810 650 1048 700 absinthii
1100 650 1239 699 tunsi
1290 650 1398 698 lib.:
1446 666 1574 713 quae
1624 651 1882 700 tundenda

189 727 338 774 erunt
360 725 576 790 tundito,
602 740 730 787 quae
763 724 1025 774 cribranda
1056 724 1285 773 cribrato.
1319 724 1547 786 potiones
1572 740 1689 774 sane
1721 725 1882 774 eidem

188 799 362 849 morbo
403 814 648 863 congruas
688 798 869 847 cotidie
909 795 1230 864 †antequam
1266 800 1326 846 ut
1363 800 1486 847 tunc
1515 799 1789 863 praebebis,
1829 800 1882 847 id

190 875 266 922 est
304 875 395 921 aut
423 874 684 935 pulverem
711 874 765 921 to
798 872 1031 935 diapente
1064 875 1154 920 aut
1185 872 1310 920 alias
1341 872 1570 935 potiones
1602 888 1731 936 quae
1764 875 1882 922 sunt

121 961 166 994 10
187 947 374 997 morbis
412 946 731 996 necessariae.

299 1021 380 1069 Ad
417 1022 619 1070 tussem.
691 1037 804 1070 cum
842 1021 1130 1083 frequenter
1166 1020 1494 1070 tussientibus
1527 1021 1668 1084 equis
1705 1021 1880 1071 multis
1895 1019 1994 1066 450

187 1095 418 1144 remediis
466 1095 727 1144 subvenire
773 1094 1042 1160 voluerim,
1091 1094 1327 1144 adhibitis
1379 1095 1533 1144 etiam
1576 1095 1880 1161 potionibus,

187 1169 346 1218 nihilo
371 1169 533 1234 magis
556 1169 739 1219 vitium
762 1169 915 1218 tussis
937 1171 1293 1234 perseveraret,
1324 1170 1500 1218 multis
1532 1170 1881 1231 experimentis

186 1243 272 1293 vix
311 1244 721 1306 comprehensum
761 1246 836 1292 est
874 1244 1069 1291 nullam
1105 1243 1284 1292 utilem
1313 1245 1518 1306 tamque
1549 1244 1881 1293 necessariam

122 1330 165 1364 15
187 1317 317 1366 tussi
356 1334 460 1366 esse
501 1333 654 1380 quam
698 1317 851 1366 istam
894 1317 1172 1382 potionem,
1221 1333 1348 1379 quae
1387 1318 1520 1365 infra
1565 1318 1752 1380 scripta
1791 1320 1881 1383 est,

190 1407 343 1454 quam
380 1408 471 1454 per
506 1392 733 1439 triduum
770 1392 852 1440 vel
889 1408 980 1453 per
1016 1391 1120 1440 dies
1153 1391 1374 1454 quinque
1412 1408 1502 1454 per
1533 1408 1687 1440 cornu
1725 1392 1879 1441 dabis.

187 1466 362 1528 itaque
409 1465 499 1513 uni
553 1482 680 1528 equo
729 1465 986 1528 potionem
1042 1465 1187 1514 fabae
1233 1466 1392 1514 fresae
1439 1467 1558 1515 sext.
1607 1466 1779 1528 coquis
1830 1467 1882 1514 et

190 1556 305 1589 cum
344 1541 484 1588 cocta
507 1539 675 1604 fuerit,
707 1539 759 1587 in
790 1539 1030 1588 mortario
1062 1539 1198 1604 teriS,
1236 1539 1409 1602 butyri
1441 1556 1551 1588 unc.
1583 1539 1662 1587 III
1694 1542 1745 1588 et
1776 1539 1882 1589 sevi

188 1613 370 1662 hircini
408 1630 519 1662 unc.
551 1613 604 1661 Π
643 1614 804 1663 solves
844 1614 908 1661 ad
946 1614 1162 1662 calorem
1202 1615 1253 1662 et
1300 1630 1413 1662 cum
1452 1615 1675 1663 solutum
1711 1614 1880 1678 fuerit,

121 1701 167 1733 20
190 1688 373 1737 adicies
412 1688 466 1735 in
512 1688 682 1735 fabam
718 1688 855 1736 faeni
903 1687 1079 1737 Graeci
1119 1683 1478 1753 (sextarium).
1550 1688 1684 1751 quod
1729 1688 1882 1737 facies

189 1762 243 1811 in
292 1762 500 1811 caccabo
547 1762 737 1811 fervere
786 1778 900 1811 cum
954 1778 1087 1824 aqua
1141 1764 1192 1811 et
1246 1778 1360 1810 cum
1413 1762 1633 1824 coeperit
1677 1763 1882 1826 fervere,

186 1836 405 1900 primam
428 1852 614 1899 aquam
638 1836 857 1885 effundes
882 1838 932 1884 et
957 1836 1108 1884 aliam
1134 1836 1317 1885 adicies
1339 1852 1499 1899 usque
1525 1836 1589 1884 ad
1619 1838 1738 1885 sext.
1762 1836 1878 1884 IIII.

188 1910 339 1959 addes
378 1910 431 1957 in
471 1910 738 1959 caccabum
777 1910 964 1959 caricas
995 1910 1087 1958 XX
1107 1912 1176 1958 ‘et
1214 1910 1556 1974 glycyrrhizae
1595 1926 1706 1958 une.
1739 1910 1791 1957 II
1831 1911 1882 1958 et

186 1984 385 2033 tamdiu
406 1984 559 2034 facies
582 1985 772 2033 fervere
805 1985 926 2032 dum
957 1984 1205 2047 coquitur,
1231 1980 1544 2048 <quamdiu>
1579 1999 1609 2032 a
1641 1986 1884 2046 quattuor

120 2069 165 2103 25
190 2060 309 2109 sext.
351 2074 512 2122 aquae
552 2058 755 2108 sextarii
793 2060 895 2107 tres
925 2061 1229 2106 remaneant.
1292 2058 1443 2107 istam
1476 2073 1660 2120 aquam
1692 2057 1881 2119 superi-

189 2132 358 2182 oribus
394 2133 543 2181 rebus
582 2132 635 2181 id
673 2134 749 2181 est
785 2132 932 2180 fabae
963 2132 1115 2180 tritae
1156 2134 1207 2180 et
1235 2132 1419 2194 butyro
1453 2134 1504 2180 et
1542 2147 1657 2181 sevo
1688 2132 1881 2180 hircino

188 2206 475 2256 commisces
507 2208 558 2255 et
582 2206 776 2255 deteris.
834 2206 968 2268 quod
999 2206 1043 2255 si
1074 2205 1232 2267 spissa
1263 2205 1430 2270 fuerit,
1462 2207 1664 2253 tantum
1696 2205 1880 2254 adicies

186 2280 324 2343 passi
380 2281 627 2343 quantum
678 2280 866 2342 liquori
919 2282 995 2328 est
1055 2279 1416 2344 necessarium,
1471 2282 1531 2327 ut
1583 2296 1672 2342 per
1725 2295 1880 2328 cornu

187 2354 347 2417 possit
386 2354 584 2402 effundi.

864 2459 891 2487 ἦε
1018 2426 1046 2454 ἧς
1175 2459 1202 2488 ³3⁸

306 2617 336 2656 4
365 2612 499 2672 lycii]
529 2611 607 2656 fici
636 2613 683 2657 R
737 2609 898 2657 συκίου
931 2612 989 2657 Η
1044 2613 1205 2657 λυκίου
1237 2613 1344 2659 ΡΜ
1373 2615 1389 2667 [Ι
1428 2617 1453 2657 5
1486 2612 1657 2670 pilulas
1689 2612 1704 2668 ΙΙ
1737 2617 1762 2656 6
1796 2611 1876 2655 ab·

193 2672 349 2717 senthi
389 2675 396 2728 1
440 2685 531 2728 que
561 2671 804 2717 tondenda
840 2673 856 2729 ΙΙ
896 2676 920 2716 7
964 2672 1207 2728 tunditoq3
1252 2672 1506 2717 crebranda
1545 2671 1758 2716 crebrato
1796 2672 1812 2728 ΙΙ
1849 2674 1877 2715 8

193 2744 405 2802 quotidie
427 2747 444 2803 ΙΙ
469 2749 523 2790 15
557 2746 698 2806 quae]
731 2759 820 2802 que
843 2746 859 2803 ΙΙ
885 2750 939 2790 18
971 2746 1129 2790 buturi
1161 2747 1177 2803 ΙΙ
1203 2750 1257 2790 19
1288 2745 1470 2802 hyrcini
1493 2745 1508 2802 ΙΙ
1533 2749 1589 2789 20
1621 2743 1814 2790 adiicies
1852 2749 1874 2787 ῖ

191 2806 303 2850 faba.
334 2804 431 2849 feni
460 2805 613 2861 grecis
645 2807 686 2849 si
718 2805 841 2861 quod
873 2805 920 2850 R
967 2805 1239 2862 (sextarium
1269 2805 1445 2850 inserui
1475 2818 1530 2849 ex
1562 2803 1757 2861 Veyetio)
1781 2805 1797 2861 ll
1820 2808 1876 2847 21

194 2864 372 2924 ceperit
393 2865 410 2920 ΙΙ
432 2868 489 2908 22
521 2864 667 2909 adicis
698 2866 714 2921 ΙΙ
744 2868 801 2908 23
833 2863 1094 2925 glycyrigie
1124 2866 1140 2921 ΙΙ
1170 2868 1228 2909 24
1259 2864 1372 2907 dum
1404 2862 1622 2920 coquitur
1654 2861 1879 2919 quamdiu

194 2937 225 2967 a
253 2924 440 2980 scripsi:
472 2923 534 2968 dsi
566 2923 783 2979 coquitur
813 2922 875 2967 ad
904 2923 951 2967 R
973 2925 989 2980 ΙΙ
1013 2929 1068 2968 25
1100 2924 1231 2980 istan
1255 2927 1311 2968 26
1341 2922 1536 2980 hyrcino
