2060 3232
0 0 41 71 «Qui

792 121 1186 175 —159-

271 252 367 298 168
399 253 457 325 H
475 258 530 297 93
563 253 681 311 πρὸς
710 259 894 310 τραῦμα
926 252 1075 296 νώτου
1107 251 1228 295 κατὰ
1259 252 1480 310 ἀπειρίαν
1520 261 1600 298 τοῦ
1640 258 1840 310 καθεζο-

150 309 294 367 μένου
325 311 594 369 γενόμενον.
657 312 721 356 Μ
738 315 793 355 52
820 309 948 370 σπβᾌ
1013 310 1218 367 Veg.111
1243 316 1375 364 60,1
1407 312 1537 356 1135

268 371 575 415 mallonem
608 370 805 428 caepe]
836 370 919 414 τὸν
950 369 1218 443 ἀπόδεσμον
1250 377 1341 414 τῶν
1382 372 1650 444 κρομμύων,
1696 369 1743 427 ἐξ
1781 370 1836 418 οὗ

147 436 294 474 ταῦτα
324 427 562 488 ἠρτημένα
594 425 867 487 ἐτύγχανεν,
900 427 1106 473 τουτέστι
1144 428 1202 472 τὰ
1240 428 1538 487 ξηρανθέντα
1578 431 1729 487 φύλλα
1760 434 1836 488 Η,·

147 491 386 534 νιαῐῖοκοηι
418 503 633 547 ceparum
663 491 714 533 id
745 494 808 533 est
840 489 1038 533 calamos
1067 490 1207 533 siccos
1245 490 1367 534 mide
1404 491 1551 544 fasces
1589 491 1837 547 dependent

146 547 373 605 Vegetius
397 548 462 591 III
486 552 557 602 60,
583 552 623 604 1,
663 548 812 592 altero
852 549 956 592 loco
995 547 1205 592 brevius.
1246 549 1486 593 mallon-em
1523 563 1735 605 ceparum
1766 552 1835 595 vel

145 609 272 663 ipsas
312 621 457 665 cepas.
520 621 640 664 quae
682 606 981 652 Sal-chiamus
1022 606 1267 664 proposuit
1306 621 1446 652 sensu
1486 613 1667 662 carent;
1709 610 1836 654 certe

145 667 295 723 ipwm
327 668 393 712 sic
425 681 532 711 cum
562 681 694 723 caepe
725 669 914 723 (neutr.)
946 671 1109 711 contra
1139 665 1317 711 fascem
1339 667 1545 724 posiizum
1577 681 1677 711 esse
1701 671 1832 724 puta.

147 738 204 769 ex
241 725 476 783 Ducangii
514 726 665 770 lexico
713 725 843 770 disco
893 727 1016 770 teste
1062 725 1320 770 Muratorio
1361 725 1521 782 Antiq.
1561 726 1665 771 Ital.
1713 728 1834 771 med.

145 785 252 830 aevi
283 785 326 828 II
360 789 473 830 1087
514 784 749 841 hodieque
787 784 1076 830 Mutinenses
1118 784 1272 829 dicere
1310 800 1377 829 un
1413 787 1603 831 malloco
1635 787 1686 831 di
1716 800 1835 840 cera,

146 845 197 889 di
225 858 348 901 neve,
377 847 431 888 ut
461 845 703 902 globulum
745 843 1026 900 significent.
1088 845 1224 889 mallo
1262 843 1405 888 hodie
1444 844 1577 888 Italis
1618 846 1691 888 est
1719 859 1833 890 non-

151 904 385 948 nullarum
416 904 604 961 frugum
634 904 811 948 corium
841 903 918 948 vel
947 905 1172 961 putamen
1196 904 1250 947 ut
1278 902 1330 947 in
1352 904 1598 961 proverbio
1621 906 1835 961 manyiar

149 963 188 1007 le
211 965 317 1008 noci
347 964 415 1008 col
445 965 594 1008 mallo.
646 963 811 1007 eadem
839 977 954 1007 voce
986 963 1183 1006 tumoris
1214 961 1265 1006 in
1288 962 1485 1020 genibus
1516 963 1592 1008 vel
1622 963 1835 1008 articulis

148 1035 296 1078 genus
328 1021 561 1080 appellari
591 1023 789 1078 apparet
820 1034 876 1066 ex
909 1022 1022 1078 Veg.
1047 1021 1114 1065 ΠΙ
1138 1027 1274 1077 48,1.

267 1081 639 1156 scordiscum]
680 1081 830 1126 Edict.
871 1081 1022 1126 Diocl.
1060 1086 1135 1137 10,
1169 1087 1209 1126 2.
1275 1081 1409 1138 Corp.
1442 1083 1582 1138 gloss.
1611 1082 1652 1125 lI
1675 1097 1718 1138 p.
1747 1086 1832 1127 180

146 1142 400 1186 Scordiscus
431 1136 677 1197 ἐφίππιον,
711 1141 767 1186 cf.
794 1157 838 1198 p.
865 1146 948 1185 321
985 1117 1214 1214 ἐφίππιον
1245 1142 1529 1196 ποτ’,ιίιεεαῖε
1554 1141 1689 1198 IIIIp
1695 1145 1831 1186 ..168

143 1204 244 1244 389.
298 1199 529 1257 interpres
560 1200 646 1256 τὴν
680 1198 844 1245 σε’λλαν
875 1205 938 1259 τῷ
972 1201 1096 1259 ι’ππῳ
1131 1196 1309 1250 ἐπίθες.
1373 1199 1469 1244 dixi
1510 1200 1567 1244 de
1607 1200 1696 1245 hoc
1727 1201 1830 1245 loco

144 1259 260 1304 Mus.
286 1260 433 1304 Rhen.
457 1260 549 1304 vol.
575 1265 632 1304 46
656 1275 702 1316 p.
720 1265 806 1303 494
826 1274 893 1315 sq.

267 1319 361 1363 169
395 1320 458 1362 M
478 1324 535 1363 40
576 1318 664 1372 σιζ’
706 1318 895 1393 ἄριστον
937 1317 988 1362 δὲ
1028 1317 1110 1362 καὶ
1155 1325 1315 1362 τοῦτο·
1363 1318 1560 1375 άλευρον
1607 1319 1828 1375 κρίθινον

54 1401 60 1407 -
143 1377 225 1421 καὶ
268 1377 479 1452 κράμβης
525 1378 678 1434 φύλλα
724 1376 942 1434 κόψαντα
982 1375 1112 1452 μίξαι
1154 1377 1235 1421 καὶ
1276 1378 1633 1422 καταπλάσσειν·
1687 1384 1824 1421 τοῦτο

144 1436 336 1493 τάχιστα
369 1434 648 1495 ἐκκαθαίρει
678 1437 738 1481 τὰ
770 1437 973 1495 ὄστρακα
1007 1433 1058 1481 ἐκ
1089 1444 1171 1481 τοῦ
1211 1437 1359 1482 νώτου
1400 1435 1428 1493 ἢ
1469 1435 1607 1493 ἥλους
1642 1435 1826 1494 λεγομέ-

142 1512 266 1547 νους.
317 1497 430 1553 Veg.
455 1497 518 1540 HI
543 1502 613 1553 60,
638 1503 680 1542 2.
743 1496 984 1553 cf.Pe1ag.
1012 1501 1110 1541 181.

264 1556 332 1600 ad
365 1557 585 1601 clavum
618 1556 683 1601 de
721 1556 998 1600 mercurio
1031 1556 1121 1600 vel
1161 1554 1225 1599 de
1259 1555 1453 1613 dorso]
1487 1555 1671 1599 videtur
1703 1555 1823 1599 exci-

144 1615 267 1660 disse
309 1615 503 1660 verbum
543 1615 683 1673 quale
723 1617 797 1660 est
837 1616 1085 1660 tollendum
1123 1617 1276 1687 (τοῦτο
1314 1614 1506 1670 τάχιστα
1547 1603 1827 1671 ἐκκαθαίρει

142 1690 201 1717 τα
232 1674 436 1732 ὄστρακα
469 1670 520 1720 ἐκ
551 1681 634 1719 τοῦ
665 1675 814 1719 νώτου
846 1672 875 1730 ἢ
908 1672 1047 1731 ἥλους
1078 1671 1385 1731 λεγομένους).
1442 1674 1696 1719 mercurius
1719 1688 1828 1730 pars

145 1734 271 1778 dorsi
303 1733 1043 1791 est,Veg.V12,1;11159,3.
1105 1733 1265 1802 Pelag:
1299 1739 1383 1778 180
1423 1734 1466 1778 si
1503 1734 1651 1778 laesus
1686 1734 1830 1788 fuerit

146 1795 400 1839 mercurius
429 1807 586 1862 supra·
605 1795 805 1839 dorsum
867 1793 950 1850 qui
982 1807 1086 1838 cum
1119 1793 1291 1849 sagmis
1331 1792 1409 1837 vel
1440 1792 1658 1837 oneribus
1690 1791 1828 1836 facile

144 1851 271 1897 laedi
302 1854 530 1909 potuerit,
573 1853 726 1910 ipsum
767 1852 935 1897 vulnus
977 1866 1031 1897 eo
1070 1852 1259 1896 nomine
1298 1850 1588 1908 appellatum
1628 1850 1827 1905 videtur,

146 1911 280 1969 Corp.
306 1912 448 1969 gloss.
472 1912 571 1969 Hp
575 1917 696 1958 ,129
729 1912 1004 1957 Mercurius.
1046 1910 1232 1969 Ερμῆς.
1272 1910 1355 1954 καὶ
1383 1917 1566 1968 τραῦμα
1600 1911 1731 1964 ζωου.

262 1971 358 2017 170
396 1972 453 2016 Η
481 1978 564 2017 169
604 1971 721 2029 πρὸς
758 1971 900 2028 ουλὴν
948 1972 1027 2015 ινα
1043 1972 1225 2045 τρίχας
1263 1966 1443 2029 ενέγκῃ.
1477 1968 1693 2026 ,αἰθάλην
1734 1969 1828 2013 ἀπὸ

143 2034 320 2088 χαλκοῦ
353 2032 575 2088 (traditur
598 2030 784 2089 χόρτου)
809 2029 1009 2086 ποιήσας
1034 2026 1297 2086 ἐπιἍτριψον
1337 2030 1398 2074 Μ
1417 2035 1473 2074 52
1500 2028 1625 2086 σπγῖ
1666 2030 1831 2074 auctor

145 2093 216 2134 est
246 2089 506 2135 Columella
537 2090 603 2134 VI
627 2097 705 2145 32,
731 2095 758 2134 3
798 2095 850 2134 ut
888 2091 1076 2136 celerias
1114 2091 1370 2135 cicatricem
1410 2094 1451 2134 et
1481 2091 1634 2146 pilum
1672 2089 1828 2142 ducat,

140 2151 337 2195 maxime
361 2151 571 2206 proderit
612 2151 759 2208 fuliqo
798 2164 854 2195 cx
885 2163 999 2195 aeno
1036 2150 1181 2194 ulceri
1218 2149 1445 2203 infricata
1485 2148 1704 2204 (infriata
1734 2147 1818 2191 Ur-

143 2208 302 2264 sinus).
341 2209 456 2264 Veg.
483 2209 642 2264 11162,
669 2216 693 2253 2
720 2222 788 2252 ex.

262 2267 349 2312 171
389 2268 446 2312 H
464 2273 518 2312 93
556 2245 673 2325 51:969
711 2275 859 2312 νῶτον
899 2264 1142 2337 βλαβέντα.
1205 2265 1380 2322 ἄλφιτα
1416 2265 1531 2322 μετὰ
1576 2267 1707 2310 οἰνου
1746 2264 1827 2308 καὶ

145 2321 302 2370 ε’λαίου
335 2327 640 2384 συμφύρασον
671 2330 764 2371 κτλ.
828 2327 891 2370 M
915 2331 970 2370 52
1004 2324 1131 2371 6756'.
1193 2325 1311 2383 Veg.
1336 2325 1403 2368 III
1426 2330 1555 2382 61,1
1596 2326 1674 2369 sed
1712 2338 1826 2369 com-

141 2387 320 2430 modius
351 2391 413 2431 est
437 2387 790 2443 pulmunculum
821 2387 1091 2431 decussatim
1122 2386 1244 2440 ferro
1283 2399 1446 2430 secare.
1509 2384 1566 2429 cf.
1591 2383 1714 2428 infra
1741 2388 1823 2427 182

151 2445 200 2489 et
230 2458 350 2501 quae
385 2445 696 2490 Schneiderus
728 2445 926 2490 adnotat
967 2445 1027 2489 ad
1057 2445 1174 2502 Veg.
1199 2459 1244 2501 p.
1272 2450 1342 2489 66.
1368 2449 1439 2488 69.
1481 2444 1643 2488 auctor
1680 2442 1829 2487 medi-

142 2504 345 2548 camenti
375 2503 596 2550 Eumelus
637 2506 709 2550 est
738 2505 797 2549 H
814 2508 901 2549 302
941 2506 1015 2560 (=
1042 2503 1104 2547 Μ
1125 2508 1209 2548 138
1243 2519 1340 2565 απη
1350 2501 1383 2559 ’)
1446 2501 1666 2577 Εὐμήλου
1711 2502 1828 2558 πρὸς

140 2563 290 2608 νώτου
337 2563 423 2619 (sic
455 2564 532 2618 M)
576 2566 914 2622 παρακίνησιν·
971 2562 1146 2619 ἄλφιτα
1189 2562 1299 2623 οίνῳ
1347 2562 1428 2606 καὶ
1475 2558 1612 2621 ἐλαίῳ
1659 2560 1829 2610 δεύσας

141 2618 359 2667 ἔπιτύθει.
409 2621 453 2667 εἰ
481 2623 534 2668 δὲ
565 2623 810 2681 πνεύμονα
840 2622 1048 2678 ποιήσει,
1081 2621 1218 2696 τέμνε
1258 2608 1426 2679 (τεμὼν
1459 2622 1519 2676 P)
1555 2607 1605 2664 ἐκ
1646 2619 1826 2692 βάθους

139 2688 320 2738 τοῦτον,
345 2681 646 2755 ἀφόὸευμα”’
621 2698 766 2727 ιππου
791 2681 890 2740 μετ’
919 2682 1055 2737 ὄξους
1077 2681 1158 2726 καὶ
1183 2677 1341 2726 ἐλαίου
1365 2680 1446 2724 καὶ
1470 2679 1578 2730 ἁλὸς
1602 2678 1823 2735 ἀνέφθου

140 2739 442 2798 λελειωμένου
474 2743 610 2799 μίξας
641 2739 847 2787 ἐπιτίθει
877 2746 938 2815 τῷ
969 2741 1200 2817 τραύματι
1230 2742 1312 2785 καὶ
1342 2738 1668 2796 θεραπεύσεις.

262 2800 356 2844 172
388 2801 446 2845 H
465 2806 521 2846 93
553 2803 676 2846 ἄλλο.
723 2802 841 2859 πρὸς
870 2786 1020 2845 πόνον
1053 2798 1241 2858 ῥάχεως.
1307 2801 1369 2843 M
1392 2804 1446 2843 52
1482 2797 1587 2843 σπε’
1595 2833 1604 2842 .

261 2858 356 2903 173
388 2857 548 2904 Simile
581 2863 654 2905 est
686 2866 788 2917 165,
820 2860 876 2906 cf.
902 2859 1111 2918 Veg.111
1137 2865 1208 2915 62,
1236 2864 1274 2903 1.

263 2917 359 2962 174
389 2918 446 2961 Η
463 2924 519 2963 93
559 2918 604 2964 εἰ
638 2920 880 2978 τραύματα
921 2919 970 2964 ἐν
1008 2924 1070 2978 τῷ
1109 2919 1238 2978 νώτῳ
1277 2917 1475 2973 ποιήσει,
1523 2916 1580 2960 τὰ
1620 2915 1822 2973 ὄστρακα
