2060 3232
834 152 1192 203 -11-

277 288 485 337 Parcius
534 287 578 335 is
629 287 718 350 qui
766 286 1133 349 hippiatrorum
1184 286 1371 348 scripta
1426 290 1720 350 compilavit
1769 290 1857 339 ad-

165 362 334 411 hibuit
371 360 690 424 Anatolium,
731 360 1010 422 Tiberium,
1049 359 1465 424 Agathotychum
1504 362 1753 426 aliosque,
1794 365 1855 414 de

165 436 347 499 quibus
372 435 495 497 quid
517 435 638 483 novi
660 434 911 496 proferam
943 449 1043 482 non
1075 433 1234 481 habeo
1246 428 1303 500 ¹).
1360 433 1689 498 Pelagonium
1719 438 1856 487 haud

163 510 238 558 ita
278 510 535 572 eleganter
575 507 760 556 Graece
798 507 1020 556 reddidit
1058 522 1220 570 neque
1269 508 1491 569 peccatis
1537 510 1856 572 gravioribus

165 583 434 646 abstinuit,
484 598 614 645 quae
652 582 867 630 fortasse
905 597 1006 630 non
1044 583 1149 629 tam
1195 581 1462 643 interpreti
1501 599 1653 645 quam
1693 600 1857 632 exem-

162 658 295 719 plari
335 656 397 704 ab
436 655 526 704 illo
567 655 792 704 adhibito
830 671 933 704 non
971 655 1107 703 omni
1145 655 1271 704 vitio
1313 656 1503 703 carenti
1543 657 1707 705 danda
1738 661 1858 707 sunt

164 730 374 778 crimini.
430 730 491 778 de
530 745 631 792 qua
667 745 720 778 re
758 729 872 778 vide
907 729 974 777 sis
1015 729 1428 777 commentarium
1471 745 1509 777 e.
1550 747 1623 794 gr.
1665 731 1729 779 ad
1772 734 1855 780 14.

167 806 250 854 15.
291 806 376 853 20.
425 805 545 852 383.
625 803 893 851 dolendum
940 818 1058 850 sane
1099 805 1175 850 est
1222 803 1357 865 quod
1394 803 1641 865 interpres
1680 807 1760 853 tot
1799 822 1856 854 ac

162 880 307 926 tanta
340 877 523 940 omisit,
564 876 915 939 superstitiosa
943 876 1160 923 maxime
1193 892 1322 939 quae
1354 893 1454 925 non
1492 878 1683 940 sprevit
1714 879 1856 927 Pela-

163 951 344 1015 gonius
384 950 566 1013 dignus
605 950 740 999 hisce
779 950 832 998 in
870 949 1018 998 rebus
1057 949 1270 1013 Apsyrti
1310 952 1543 999 sectator.

275 1023 480 1073 Codices
520 1024 955 1087 Hippiatricorum
1002 1022 1310 1072 Graecorum
1357 1028 1691 1088 congruentes
1739 1042 1853 1074 cum

163 1099 382 1147 editione
438 1097 657 1161 Grynaei
708 1114 809 1147 non
869 1113 1055 1160 paucos
1116 1096 1452 1147 bibliothecae
1513 1094 1855 1166 adservant2).

160 1173 274 1236 ipsa
313 1172 535 1235 Grynaei
586 1172 738 1221 editio
790 1172 974 1221 codicis
1024 1172 1186 1220 instar
1237 1174 1314 1221 est
1361 1166 1464 1238 (H)
1514 1189 1677 1236 neque
1716 1175 1856 1236 mali,

162 1246 401 1310 quoniam
449 1247 613 1295 multa
661 1246 843 1294 menda
881 1247 1072 1295 leviora
1122 1245 1263 1293 facili
1323 1262 1475 1307 opera
1528 1247 1855 1311 corriguntur

140 1323 274 1369 orta
313 1321 526 1369 fortasse
565 1320 874 1384 typographi
920 1320 1083 1381 culpa.
1154 1319 1374 1381 optimus
1423 1319 1856 1382 Hippiatricorum

161 1394 318 1443 codex
363 1394 465 1441 iam
510 1394 735 1442 Berolini
783 1395 921 1442 extat
967 1394 1020 1440 in
1074 1392 1382 1441 bibliotheca
1431 1394 1572 1457 regia
1624 1395 1854 1458 signatus

162 1463 251 1516 ‘ex
288 1467 406 1516 bibl.
453 1468 757 1516 Meermann.
797 1469 902 1516 cod.
950 1466 1165 1528 Philipp.
1210 1461 1396 1529 1538',
1444 1467 1854 1517 membranaceus

160 1542 401 1590 foliorum
442 1543 563 1600 394,
604 1541 803 1604 egregie
845 1542 1078 1588 exaratus
1120 1555 1246 1588 saec.
1286 1541 1333 1587 X
1370 1541 1453 1589 vel
1482 1534 1624 1608 XI,3)
1672 1541 1854 1605 dignus

162 1616 251 1679 qui
302 1615 688 1663 fundamentum
740 1615 807 1663 sit
859 1629 1020 1664 novae
1076 1613 1336 1676 editionis,
1392 1630 1700 1678 quamquam
1753 1632 1854 1664 non

160 1704 327 1753 pauca
365 1688 490 1737 folia
527 1690 814 1750 temporum
858 1688 1052 1737 invidia
1097 1687 1414 1736 interierunt.
1486 1689 1693 1738 lacunas
1742 1705 1852 1738 ora-

158 1763 350 1812 tionem
391 1762 610 1825 Grynaei
655 1762 888 1811 editionis
935 1777 1298 1825 nonnunquam
1342 1762 1620 1810 incidentes
1666 1764 1853 1824 pleras-

160 1853 256 1900 que
303 1837 429 1884 bene
486 1836 673 1900 explet,
728 1837 968 1884 lemmata
1025 1835 1302 1899 integriora
1353 1835 1586 1884 servavit.
1671 1838 1854 1885 lacuna

158 1911 321 1959 maior
364 1910 416 1957 in
474 1910 664 1958 Graeca
716 1909 933 1958 editione
986 1912 1063 1958 est
1111 1927 1157 1970 p.
1206 1911 1295 1972 74,
1346 1911 1461 1971 post
1513 1910 1669 1959 verba
1720 1911 1853 1958 enim

160 1979 235 2042 οἷς
274 1983 578 2049 χρησάμενος
617 1981 697 2032 ἐπὶ
734 1982 892 2049 τρισὶν
924 1980 1129 2049 ἡμέραις
1160 1983 1485 2047 θεραπεύσεις
1516 1983 1762 2033 accedunt
1794 2000 1853 2032 ex

158 2058 472 2107 Berolinensi
512 2051 602 2125 (P)
642 2073 774 2106 nova
813 2057 876 2105 ad
913 2058 1096 2106 tussim
1133 2057 1354 2104 remedia
1402 2059 1536 2105 octo:
1591 2055 1714 2123 πρὸς
1762 2056 1854 2121 τὴν

158 2128 212 2179 ἐκ
250 2131 569 2194 καταψύξεως
615 2132 767 2195 βῆχα,
815 2130 1053 2189 σύνθεσις
1099 2128 1458 2195 ἐγχυματισμοῦ
1506 2129 1575 2188 εἰς
1622 2129 1675 2179 τὸ
1716 2130 1853 2195 αὐτό,

158 2202 441 2271 ἀρθηριακὴ
481 2203 604 2271 πρὸς
644 2206 773 2269 βῆχα
811 2200 936 2270 (tres
975 2204 1361 2266 compositiones
1401 2198 1675 2271 diversae),
1735 2201 1852 2254 ἄλλο

157 2361 498 2417 Heusinger-um
530 2373 572 2403 a.
600 2364 715 2403 1843
748 2357 911 2403 Gissae
952 2357 1152 2402 edidisse
1192 2359 1634 2404 commentationem
1674 2360 1750 2404 cui
1780 2361 1854 2403 in-

159 2419 378 2464 scribitur
403 2419 782 2474 ‘TheomnestuS,
807 2417 1151 2462 Leibthierarzt
1175 2417 1495 2461 Theoderichs
1514 2419 1594 2463 des
1610 2419 1852 2465 Grossen’.

159 2492 279 2536 quae
311 2478 437 2534 quod
466 2478 583 2522 mihi
612 2491 707 2522 non
739 2480 927 2534 praesto
959 2475 1052 2519 fuit
1075 2475 1329 2520 dolendum
1353 2491 1464 2519 num
1497 2476 1559 2521 sit
1589 2477 1767 2523 dubito.
1793 2504 1855 2512 --

160 2537 464 2583 Theomnesti
494 2536 680 2581 nomine
713 2536 925 2580 feruntur
957 2535 1101 2579 etiam
1127 2533 1333 2591 Geopon.
1358 2534 1466 2579 XVI
1498 2549 1632 2592 capp.
1662 2541 1853 2583 12-16,

158 2597 268 2642 XIX
300 2601 342 2640 3.
399 2595 465 2640 Cf.
499 2596 705 2651 Gemoll,
741 2595 948 2639 Berliner
979 2591 1177 2637 Studien
1207 2594 1229 2637 I
1262 2598 1378 2638 1884
1409 2609 1454 2650 p.
1482 2599 1535 2637 77
1556 2609 1623 2650 sq.

281 2658 325 2711 1)
360 2656 427 2700 De
467 2653 686 2699 Anatolio
727 2652 1099 2709 Geoponicorum
1138 2658 1327 2697 auctore
1367 2653 1617 2709 praecipuo
1662 2654 1852 2711 copiose

160 2715 242 2760 alii
259 2714 495 2759 dixerunt:
521 2712 719 2769 Gemoll,
735 2712 946 2758 Berliner
964 2710 1159 2756 Studien
1174 2711 1196 2754 I
1217 2715 1332 2756 1884
1354 2727 1399 2767 p.
1421 2717 1608 2756 1—280.
1639 2712 1691 2758 E.
1713 2713 1851 2771 Oder‚

159 2774 276 2818 Mus.
310 2773 458 2817 Rhen.
490 2776 548 2817 45
579 2788 624 2829 p.
651 2776 707 2816 58
726 2787 792 2827 sq.

279 2835 326 2888 2)
357 2832 702 2876 Enumerantur
739 2829 958 2875 nonnulli
988 2829 1038 2874 in
1070 2827 1278 2874 Fabricii
1309 2828 1430 2874 Bibl.
1464 2829 1540 2875 Gr.
1574 2829 1686 2875 edit.
1719 2831 1851 2878 Harl.

281 2907 331 3007 31),
357 2950 609 2995 Haenelius
641 2950 780 2995 catal.
811 2948 972 2994 libror.
1004 2963 1090 2992 ms.
1122 2963 1167 3005 p.
1194 2951 1280 2992 838
1314 2946 1498 2992 saeculo
1530 2948 1594 2992 IX
1624 2948 1806 2996 tribuit.
