2060 3232
795 132 1152 184 -71-

131 269 331 334 granati
361 268 595 317 corticem
625 267 918 316 contundito
950 267 1157 331 minute,
1190 283 1305 316 cum
1333 268 1464 329 lycio
1489 269 1610 317 locis
1641 272 1817 332 paten-

131 344 267 391 tibus
305 341 563 404 imponito.

242 417 372 464 Item
416 414 557 463 aliud
606 414 670 462 ad
713 413 915 463 flemina
959 415 1040 463 vel
1089 414 1154 462 ad
1204 414 1462 477 aquatilia.
1534 415 1710 464 cineris
1757 418 1815 466 de
1834 418 1931 465 196

132 491 243 538 foco
278 516 361 552 ———,
400 488 550 537 calcis
587 488 732 537 vivae
764 515 834 521 —-
864 488 982 537 vino
1016 487 1234 552 subigito
1288 490 1339 536 et
1383 488 1536 537 facito
1585 490 1818 538 crassitu—

88 576 111 610 5
134 563 300 612 dinem
337 562 499 610 mellis
539 564 590 610 et
636 564 809 610 caveto
848 579 910 611 ne
951 562 1267 626 obdurescat,
1308 564 1581 625 antequam
1627 562 1821 612 oblinas

135 637 411 700 tubercula,
452 652 581 699 quae
613 638 774 699 erunt,
805 651 965 699 usque
997 652 1112 685 cum
1143 636 1463 685 exsiccentur.
1495 636 1820 685 medicamine

132 711 241 773 ipso
280 710 451 774 uteris,
491 710 533 758 si
570 710 789 759 recentia
836 712 1003 773 erunt;
1052 710 1094 758 si
1138 709 1437 774 vetustiora,
1485 710 1824 759 craticulatim

135 784 389 832 subtiliter
425 784 575 848 urito,
614 786 732 831 usta
771 786 946 833 curato
987 783 1137 832 sicuti
1184 786 1235 832 et
1281 786 1457 832 cetera.
1519 785 1613 833 hoc
1653 787 1824 833 autem

133 858 317 907 vitium
362 873 392 905 a
437 857 607 905 labore
665 857 999 921 contrahitur,
1047 857 1089 905 si
1140 859 1232 905 aut
1282 857 1337 905 in
1383 857 1508 906 duro
1557 860 1648 905 aut
1693 858 1825 906 inter

1 950 4 954 ·
72 932 331 994 101apides
381 946 540 993 equus
593 930 793 979 fortiter
843 930 1176 993 tripodaverit
1228 933 1319 979 aut
1369 931 1530 979 burdo
1583 931 1826 981 maiorem

4 996 9 998 ’
135 1005 382 1056 sarcinam
420 1004 598 1052 tulerit
636 1006 728 1052 aut
763 1005 904 1052 mula
941 1004 1115 1053 iuncta
1154 1004 1242 1052 diu
1279 1004 1598 1054 laboraverit.

244 1078 472 1126 Flemina
525 1078 577 1125 in
630 1077 860 1142 geniculo
913 1080 1151 1143 spargent
1206 1079 1585 1141 rhododaphnes
1626 1106 1696 1112 —-
1728 1079 1819 1143 III,
1836 1083 1929 1129 197

133 1152 395 1202 bituminis
441 1152 524 1200 lib.
556 1152 654 1216 III,
693 1152 816 1200 nitri
853 1152 937 1200 lib.
970 1152 1060 1216 III,
1102 1153 1349 1216 axungiae
1395 1152 1578 1202 veteris
1625 1154 1820 1202 colatae

135 1244 246 1276 unc.
279 1226 369 1274 III.

3 1355 6 1357 ‚
71 1313 114 1346 15
246 1300 376 1348 Item
422 1300 487 1348 ad
531 1316 798 1349 nervorum
844 1300 1038 1349 dolores
1085 1300 1166 1349 vel
1212 1301 1277 1348 ad
1323 1300 1571 1362 aquatilia
1618 1317 1677 1348 ex
1725 1301 1822 1349 col·
1841 1304 1935 1350 198

23 1379 33 1389 ‘
137 1375 350 1424 lectione
390 1374 495 1422 sine
533 1374 664 1422 ferro
697 1373 986 1436 aperienda:
1026 1389 1165 1423 cerae
1204 1391 1250 1436 p.
1285 1389 1336 1438 s.,
1377 1374 1539 1436 adipis
1577 1374 1824 1438 taurinae,

137 1449 363 1514 galbani,
415 1447 650 1511 bidellae,
704 1447 890 1510 piperis
945 1447 1068 1512 albi,
1117 1447 1452 1496 hammoniaci
1506 1448 1824 1511 quadrantes,

136 1522 340 1586 pollinis
379 1521 508 1569 turis
546 1548 608 1556 —-
643 1521 760 1585 1111,
798 1522 951 1570 bacae
990 1521 1125 1569 lauri
1162 1548 1239 1569 —.

247 1595 471 1644 Vulnera
496 1594 631 1644 omni
662 1611 839 1659 genere
865 1597 1107 1644 curantur
1129 1594 1418 1658 cyclaminis
1449 1594 1631 1643 radicis
1663 1595 1824 1644 cincre
1842 1599 1938 1644 199

72 1684 115 1716 20
140 1687 255 1719 cum
307 1669 472 1717 farina
526 1669 631 1718 ervi
679 1670 826 1717 melle
878 1669 1092 1718 adiecto:
1140 1670 1506 1718 commalaxata
1553 1671 1706 1731 atque
1754 1669 1828 1717 ita

139 1744 376 1806 imposita
413 1745 638 1805 prosunt.
702 1743 745 1791 si
783 1744 964 1792 altiora
1004 1745 1153 1791 erunt
1189 1744 1381 1807 ulcera,
1420 1742 1674 1791 rubricam
1713 1759 1829 1791 cum

138 1819 285 1867 melle
339 1816 568 1866 miscebis
623 1819 673 1865 et
723 1833 838 1865 cum
884 1818 1160 1866 detramine
1205 1833 1489 1879 pannorum
1533 1817 1827 1866 vulneribus

138 1891 315 1941 inseris
347 1907 596 1954 superque
626 1907 851 1953 pannum
882 1894 934 1939 ct
965 1891 1228 1956 spongiam
1259 1907 1373 1940 cum
1406 1906 1558 1953 posca
1588 1891 1827 1954 impones.

140 1968 259 2015 sunt
297 1967 348 2014 et
385 1965 550 2029 gallae
589 1965 740 2013 tritae
778 1966 999 2014 remedia
1036 1982 1126 2014 nec
1171 1965 1339 2013 minus
1391 1981 1539 2013 sucus
1585 1964 1829 2013 marrubii

73 2051 117 2084 25
142 2057 255 2089 cum
292 2039 517 2103 fuligine.

250 2113 478 2161 Flemina
517 2112 620 2161 sine
659 2113 789 2161 ferro
828 2115 888 2160 ut
927 2127 1081 2161 cures.
1146 2112 1334 2174 sinapis
1374 2114 1425 2160 et
1464 2112 1583 2160 salis
1613 2112 1828 2160 Alexan·
1846 2116 1944 2163 200

142 2187 273 2236 drini
334 2203 457 2249 scrp.
512 2186 636 2250 IIII,
705 2187 949 2234 nasturcii
1023 2201 1146 2247 scrp.
1209 2186 1340 2249 IIII,
1403 2186 1533 2234 aceti
1586 2201 1709 2247 scrp.
1765 2186 1830 2249 H,

144 2260 391 2325 axungiae
430 2259 612 2309 veteris
658 2260 741 2308 lib.
790 2275 849 2308 s.:
899 2260 1065 2308 omnia
1105 2260 1255 2307 simul
1294 2261 1517 2308 conteres
1558 2261 1608 2308 et
1645 2259 1700 2307 in
1736 2259 1831 2306 lin-

143 2336 335 2383 teolum
380 2334 575 2382 inducis
621 2334 795 2382 diebus
825 2334 924 2397 ΙΠ;
964 2334 1124 2383 solves
1163 2335 1285 2381 tunc
1323 2333 1545 2397 spongiis
1585 2350 1645 2381 ex
1672 2333 1832 2381 lasere

77 2421 122 2453 30
147 2408 416 2471 Cyrenaico
464 2408 748 2472 maceratis,
794 2408 965 2456 ulcera
1002 2410 1117 2470 post
1155 2407 1371 2469 styptico
1410 2407 1639 2456 recludis.

268 2643 290 2681 1
324 2636 531 2682 minutae
561 2639 578 2695 ΙΙ
609 2641 635 2680 2
675 2637 888 2693 inponito
920 2638 935 2694 ΙΙ
967 2642 992 2680 7
1024 2636 1255 2681 uetustior
1286 2635 1526 2681 articulati
1557 2638 1572 2694 ΙΙ
1605 2640 1658 2679 12
1707 2636 1834 2692 geni-

148 2696 278 2741 culos
308 2700 453 2753 perge
485 2696 756 2741 rododafnis
781 2698 796 2753 ΙΙ
822 2700 874 2739 13
908 2695 1150 2739 uituminis
1180 2698 1196 2753 ΙΙ
1228 2701 1282 2740 17
1333 2695 1540 2739 uidcllae
1578 2697 1594 2752 ΙΙ
1636 2699 1689 2738 18
1734 2694 1835 2751 pol-

149 2755 292 2799 linem
335 2755 342 2813 Ι
383 2755 522 2800 bacas
559 2756 575 2812 ΙΙ
617 2760 670 2799 19
710 2755 894 2799 radices
942 2754 1044 2799 cine
1083 2757 1098 2810 ΙΙ
1136 2759 1194 2799 20
1242 2754 1375 2798 hcrbi
1414 2756 1429 2809 ΙΙ
1460 2758 1514 2797 21
1565 2756 1698 2798 erant
1731 2756 1746 2812 ΙΙ
1777 2758 1834 2798 23

150 2812 395 2870 spungiam
422 2817 429 2867 1
455 2827 600 2887 pusca
623 2816 638 2872 ΙΙ
663 2819 720 2858 24
751 2814 958 2857 marrubi
982 2814 997 2869 ΙΙ
1022 2818 1077 2858 26
1111 2813 1295 2879 senapis
1319 2815 1335 2869 ΙΙ
1359 2818 1414 2856 27
1447 2812 1654 2856 nasturci
1689 2816 1695 2868 Ι
1722 2829 1836 2870 καρ-

151 2871 302 2928 δάμου
340 2878 395 2928 ’γό
428 2871 479 2916 α’
505 2873 611 2917 ΗΡ
631 2875 659 2933 {k
676 2877 733 2917 28
766 2874 832 2932 et]
866 2873 948 2916 sed
970 2873 986 2930 ΙΙ
1010 2876 1066 2916 29
1100 2871 1312 2929 spungiis
1335 2873 1351 2927 11
1375 2876 1432 2915 30
1476 2872 1664 2928 cyrenai
1703 2885 1837 2917 coma

152 2930 320 2975 ceratis
347 2933 355 2980 Ι
381 2930 540 2976 ulcera
569 2933 756 2989 scripsi:
786 2931 930 2976 uteris
957 2937 963 2988 Ι
992 2931 1174 2987 stybico

2052 2268 2053 2275 ⁴
2050 2115 2060 2262 mxx-:rx-
2051 2011 2060 2111 ,qe—z-„a
2053 1892 2060 2007 ‚qq—..-v

2036 2988 2060 3057 ..2⁸-
2036 2815 2060 3007 ‚Jffi‘zfss
2041 2736 2060 2803 *ἒξ
2041 2681 2060 2723 ἢ»
2044 2578 2054 2666 22⁴³·
2045 2554 2048 2568 .„
2045 2534 2047 2542 ⁴
2045 2487 2050 2524 ψ
2047 2413 2051 2442 -—
