2060 3232
898 124 1293 177 -142—

369 260 435 306 30
480 258 774 305 abstineas
818 259 882 302 ἔξ.
917 256 1083 316 cibis]
1127 256 1184 302 cf.
1218 255 1395 302 Colum.
1420 257 1484 301 VI
1510 260 1588 310 30,
1617 261 1638 301 1
1680 271 1735 302 ac
1772 259 1936 305 deinde

241 321 476 376 paulatim
506 319 728 364 eiusmodi
758 318 850 363 cibi
879 317 1178 362 subtrahendi
1207 317 1429 362 immixtis
1459 318 1622 362 hordeo
1653 318 1936 375 furfuribus,

249 381 361 425 dum
391 383 650 425 consuescat
679 378 791 433 faba
822 381 863 421 et
890 390 1010 433 puro
1033 376 1197 421 hordeo
1221 377 1289 421 ali
1296 393 1313 429 ;
1344 375 1517 421 Graece
1542 376 1725 421 Eumeli
1747 377 1934 422 nomine

247 438 388 496 Hipp.
416 443 501 483 184
532 436 690 495 μέχρις
721 432 776 480 οὗ
808 436 893 492 τὴν
925 434 1046 479 κατὰ
1076 435 1219 492 φύσιν
1251 434 1519 495 ἀναλάβωσι
1560 433 1713 493 ῥ’ῶσιῆ).
1769 437 1933 481 eadem

245 498 345 542 fere
377 498 583 555 Geopon.
607 494 716 540 XVI
740 502 766 539 3
798 496 1003 553 Apsyrto
1033 495 1314 539 tribuuntur.

370 555 759 601 custodiemus
790 558 852 598 ut
882 552 1101 599 cotidie
1134 567 1172 598 e.
1198 568 1241 609 q.
1268 553 1323 611 s.]
1351 552 1610 612 CoLV130,
1630 560 1653 599 1
1678 569 1759 600 nec
1781 557 1935 602 minus

247 617 413 662 cotidie
458 628 650 671 corpora
688 614 916 671 pecudum
962 626 1100 670 quam
1145 613 1378 658 hominum
1416 614 1688 668 defricanda
1726 620 1835 660 sunt
1880 629 1935 660 ac

246 689 378 732 saepe
393 676 503 731 plus
519 675 706 731 prodest
729 686 889 730 pressa
911 685 1054 717 manu
1075 673 1299 728 subeyisse
1313 677 1457 728 terya,
1471 687 1608 730 quam
1622 675 1665 718 si
1680 675 1935 732 laryissime

247 736 369 779 cibos
391 735 625 791 praebeas.
670 732 811 789 Hipp.
829 735 935 776 184:
966 730 1025 775 τὰ
1064 730 1116 776 δὲ
1148 737 1240 775 τῶν
1271 730 1495 776 τοιούτων
1534 732 1722 789 σώματα
1764 735 1936 790 πολλῆς

247 799 327 850 τῆς
369 794 569 850 τρίψεως
607 789 797 837 δέονται
827 793 920 835 κτλ.
967 790 1083 847 Veg.
1108 790 1151 834 II
1175 795 1247 843 28,
1275 794 1330 835 10
1362 791 1479 836 cf.11
1507 795 1575 848 10,
1603 796 1671 836 12.

370 854 613 897 multum
645 852 831 895 autem
863 850 1059 908 refert]
1094 847 1192 895 Col.
1216 849 1280 894 VI
1304 855 1376 907 30,
1402 855 1440 894 2.

367 912 464 956 aut
504 911 551 956 si
587 910 700 955 iter
738 909 988 955 fecerint
1031 922 1070 954 e.
1106 924 1148 966 q.
1175 910 1231 969 s.]
1273 908 1368 955 Col.
1394 910 1457 955 VI
1481 914 1559 966 30,
1586 916 1612 955 3
1658 911 1829 969 friyori
1864 912 1934 968 fo-

249 975 402 1016 menta
432 971 710 1016 adhibentur
739 975 781 1015 et
811 970 1032 1023 calefacto
1071 972 1164 1015 oleo
1203 970 1348 1015 lumbi
1384 971 1602 1027 riyantur
1639 975 1864 1028 caputque
1893 977 1936 1016 et

248 1031 387 1087 spina
424 1030 593 1131 tegenti
631 1030 767 1086 adipe
811 1029 880 1073 vel
917 1034 1054 1075 uncto
1087 1030 1211 1086 (vino
1253 1042 1363 1086 pars
1411 1030 1640 1084 codicum)
1686 1031 1934 1076 liniuntur.

249 1089 308 1133 cf.
339 1089 407 1134 Ve
446 1123 456 1133 .
549 1093 619 1144 25,
645 1092 686 1132 3.

369 1104 442 1191 sig
460 1147 687 1192 urinam
741 1160 846 1191 non
901 1146 1109 1192 feeerit
1154 1172 1211 1179 —
1258 1147 1526 1206 remedia]
1576 1146 1671 1193 Col.
1704 1148 1770 1193 VI
1803 1153 1881 1203 30,
1905 1153 1935 1192 4

247 1206 458 1308 ren}edia
490 1221 583 1251 non
613 1209 787 1262 tacens,
821 1219 941 1262 quae
973 1205 1254 1264 Pelagonius
1284 1206 1406 1252 infra
1445 1206 1633 1251 demum
1664 1209 1783 1265 (cap.
1807 1208 1934 1265 VIII)

244 1280 328 1322 pro
351 1267 435 1310 ert.

365 1323 707 1370 lassitudini
737 1326 924 1369 autem
957 1350 1010 1357 —-
1043 1323 1399 1382 infundatur]
1433 1323 1529 1370 Col.
1554 1325 1619 1370 VI
1642 1329 1714 1382 30,
1738 1331 1766 1370 4
1799 1327 1930 1371 lassi·

247 1386 404 1430 tudini
436 1386 561 1443 quies
589 1385 783 1430 remedio
814 1389 893 1439 est,
925 1385 993 1429 ita
1023 1389 1077 1430 ut
1106 1385 1159 1429 in
1187 1385 1345 1439 fauces
1375 1385 1521 1430 oleum
1550 1386 1618 1429 vel
1656 1388 1797 1442 adeps
1826 1387 1934 1431 vino

247 1445 396 1489 mixta
437 1445 737 1499 infundatur;
787 1442 853 1487 VI
876 1448 930 1487 31
961 1449 982 1487 1
1025 1444 1150 1489 omni
1187 1450 1340 1490 autem
1385 1445 1607 1489 imbecillo
1648 1446 1807 1501 pecori
1844 1446 1935 1490 alte

250 1505 624 1548 substernendum
655 1508 732 1559 est,
762 1517 851 1559 quo
881 1504 1064 1548 mollius
1103 1503 1243 1548 cubet.
1289 1502 1428 1560 Hipp.
1457 1508 1542 1549 184
1573 1503 1822 1562 (Εὐμήλου)
1852 1503 1935 1548 καὶ

246 1562 538 1607 καθεύδουσι
570 1561 622 1607 δὲ
655 1563 813 1613 αὐτοῖς
845 1561 1021 1619 ἄχυρον
1053 1562 1473 1620 ὑποστρωννύσθω.

367 1622 414 1666 si
453 1624 645 1667 aestus
684 1622 862 1666 fuerit
899 1636 1100 1679 passus
1140 1648 1196 1655 —
1236 1621 1552 1681 infundito]
1590 1636 1684 1667 non
1722 1622 1937 1668 extantia

244 1680 295 1725 in
327 1681 614 1726 Columellae
646 1681 778 1725 libris
808 1681 1008 1726 fortasse
1047 1680 1119 1725 illi
1155 1681 1448 1726 restituenda
1480 1684 1608 1737 sunt,
1648 1682 1820 1740 quippe
1851 1683 1934 1738 qui

247 1741 408 1786 ordine
449 1739 635 1797 singula
674 1742 914 1785 enumeret
951 1741 1079 1785 mala
1118 1740 1183 1785 VI
1206 1744 1278 1796 30,
1303 1746 1328 1785 3
1371 1742 1576 1787 iumenta
1613 1743 1791 1787 morbos
1829 1755 1933 1787 con-

247 1801 429 1856 cipiunt
467 1801 738 1845 lassitudine
775 1805 818 1845 et
848 1804 991 1856 aestu,
1020 1813 1354 1857 nonnunquam
1384 1805 1425 1846 et
1454 1801 1626 1858 sriyore
1655 1806 1698 1846 et
1727 1815 1828 1846 cum
1850 1814 1933 1846 suo

246 1864 442 1917 tempore
469 1861 659 1905 urinam
690 1873 786 1904 non
814 1860 1004 1915 fecerint
1035 1873 1073 1904 e.
1100 1875 1142 1916 q.
1169 1875 1204 1905 s.
1258 1859 1414 1903 mulae
1445 1859 1594 1905 lassae
1627 1862 1676 1904 et
1698 1859 1933 1905 aestuanti

245 1918 505 1964 remedium
536 1918 672 1964 affert
706 1918 766 1963 VI
791 1924 864 1974 38,
888 1923 929 1964 4.
978 1918 1258 1975 Pelagonius
1289 1918 1412 1963 infra
1444 1922 1528 1963 185
1561 1919 1642 1975 (ad
1671 1933 1743 1965 eos
1765 1921 1932 1976 quibus

244 1979 442 2024 membra
472 1979 707 2035 deficiunt)
740 1978 1037 2023 commendat
1074 1991 1160 2023 ova
1189 1979 1285 2022 tria
1322 1991 1423 2022 cum
1451 1979 1605 2035 puleio
1644 1983 1687 2024 et
1715 1992 1859 2037 posca
1888 1984 1934 2025 et

244 2038 338 2082 oleo
367 2038 582 2093 faucibus
611 2039 774 2092 infusa
802 2037 930 2095 (inde
962 2036 1077 2094 Veg.
1103 2037 1147 2081 V
1170 2042 1225 2081 39
1252 2039 1397 2093 extu).
1438 2037 1681 2082 tussientis
1713 2036 1929 2082 animalis

244 2110 380 2141 nares
411 2097 528 2154 Veg.
553 2096 597 2141 V
622 2100 690 2153 75,
718 2101 744 2140 2
773 2110 916 2153 posca
938 2097 1152 2153 puleiata
1182 2094 1332 2141 foveri
1362 2097 1507 2151 iubet,
1534 2110 1676 2154 posca
1707 2102 1748 2142 et
1776 2099 1932 2154 puleio

245 2169 382 2201 nares
414 2157 463 2200 et
493 2156 664 2201 faciem
694 2156 809 2200 lassi
838 2156 1036 2201 iumenti
1066 2155 1196 2201 fovet
1225 2155 1287 2200 id.
1313 2155 1356 2198 II
1383 2161 1452 2211 10,
1482 2159 1550 2200 10.

366 2217 499 2260 ante
530 2216 716 2261 omnia
746 2229 879 2261 sane
913 2241 968 2247 —
999 2215 1268 2260 mundata
1306 2215 1542 2274 fuerint]
1588 2214 1684 2261 Col.
1710 2215 1773 2260 VI
1797 2221 1871 2273 30,
1901 2221 1929 2259 2

249 2287 470 2332 curaeque
499 2276 641 2331 fuerit
670 2280 724 2321 ut
752 2276 1039 2321 stabulentur
1076 2275 1193 2320 sicco
1233 2275 1349 2331 loco,
1386 2289 1443 2319 ne
1480 2288 1634 2320 umore
1670 2276 1932 2321 madescant

239 2335 452 2390 unyulae.
544 2335 664 2392 quod
715 2336 854 2390 facile
912 2335 1203 2388 evitabimus,
1268 2335 1310 2378 si
1363 2339 1446 2379 aut
1499 2335 1681 2379 stabula
1730 2335 1931 2380 roboreis

246 2393 413 2437 axibus
443 2398 678 2438 constrata
708 2398 791 2439 aut
820 2394 1061 2450 diliyenter
1091 2394 1283 2438 subinde
1313 2394 1561 2439 emundata
1590 2394 1733 2448 fuerit
1766 2395 1931 2438 humus

243 2456 285 2496 et
308 2453 471 2508 paleae
500 2453 786 2509 superiectae.
835 2454 889 2496 ut
920 2453 1107 2496 stabula
1137 2451 1302 2496 axibus
1334 2453 1540 2497 roboreis
1573 2454 1931 2497 consternantur

242 2510 525 2567 Pelagonius
555 2511 679 2555 infra
709 2515 795 2555 226
826 2510 997 2554 iterum
1027 2512 1198 2556 monet.
1249 2511 1303 2555 cf.
1328 2512 1443 2568 Veg.
1468 2511 1511 2554 II
1535 2515 1606 2565 28,
1632 2516 1672 2557 2.
1706 2510 1770 2555 ΙΙΙ
1795 2515 1867 2564 58,
1885 2516 1927 2556 2.

242 2569 422 2616 Pallad.
447 2570 468 2613 I
491 2575 569 2627 21,
594 2575 634 2615 2.
704 2569 845 2628 Hipp.
881 2573 966 2614 184
1012 2569 1097 2627 χρὴ
1146 2569 1198 2614 δὲ
1245 2569 1327 2613 καὶ
1371 2565 1422 2614 ἐν
1465 2569 1590 2630 τόπῳ
1637 2571 1759 2629 ξηρῷ
1806 2570 1928 2615 αὐτὰ

244 2630 479 2673 ἵστασθαι.
534 2636 670 2674 τοῦτο
716 2628 805 2687 γὰρ
852 2628 934 2673 καὶ
979 2633 1042 2688 τῷ
1087 2629 1262 2686 σώματι
1301 2628 1384 2672 καὶ,
1428 2634 1524 2680 τοῖς
1571 2628 1731 2684 ὄνυξιν
1772 2630 1928 2674 αὐτῶν

243 2688 562 2748 συμβάλλεται.

361 2749 421 2793 31
455 2749 636 2793 Fatuo
669 2747 897 2806 sicario]
937 2747 1076 2793 Fatui
1118 2745 1508 2804 cognominantur
1538 2747 1688 2792 Fauni
1720 2749 1925 2805 quietem

240 2809 518 2852 nocturnam
553 2807 784 2865 agitantes
817 2808 865 2852 et
894 2810 1137 2863 tamquam
1168 2806 1421 2852 incubones
1461 2806 1749 2854 deludentes,
1803 2808 1923 2854 Plin.

241 2881 287 2910 n.
313 2867 358 2911 h.
384 2866 514 2910 XXV
538 2872 616 2911 29:
648 2868 758 2912 haec
787 2866 906 2920 (scil.
931 2866 1078 2911 herba
1100 2865 1322 2923 Paeonia)
1351 2868 1552 2912 medetur
1582 2871 1624 2912 et
1647 2867 1926 2912 Faunorum

241 2927 295 2970 in
325 2928 471 2982 quiete
503 2927 719 2971 ludibriis
726 2944 743 2982 ;
772 2925 948 2970 XXVII
975 2930 1057 2971 107
1089 2926 1175 2971 hac
1211 2927 1266 2971 in
1303 2926 1471 2972 Piceno
1509 2927 1693 2981 feminis
1731 2928 1925 2984 abiyunt
