2060 3232
758 146 871 154 »-
958 117 1061 170 179
1147 148 1208 155 —-

169 247 233 290 M
262 250 316 291 55
349 263 422 303 τιη
433 243 485 302 ’),
517 244 748 303 posterior
787 247 851 290 Μ
886 250 942 290 58
982 245 1166 294 12;'=
1198 246 1256 290 H
1283 234 1366 292 129
1407 247 1606 306 ἄλειμμα
1645 250 1761 306 πρὸς
1801 253 1855 295 τὸ

172 304 301 350 αὐτό.
358 307 457 362 δαφ
460 304 699 350 νοκόκκων
730 304 887 362 λίτρας
919 304 966 364 β’
1001 307 1093 349 κτλ.
1127 305 1279 362 (deest
1309 305 1495 363 oleum).

288 364 398 421 Cap.
416 364 600 408 XXIIII.
633 363 731 407 302
762 364 821 407 Η
843 367 926 407 145
958 365 1262 438 Πελαγωνίου
1286 365 1402 421 πρὸς
1432 366 1549 415 τους
1563 364 1679 422 αἷμα
1704 368 1852 411 ἀπου-

171 431 369 479 ροῦντας
405 421 434 478 ἢ
475 422 557 466 διὰ
587 421 833 479 μυκτήρων
872 422 1136 478 ἀνάγοντας
1173 421 1203 478 ἢ
1234 419 1461 497 ε’μοῦντας
1492 421 1520 478 ἢ
1553 425 1646 468 ἀπὸ
1687 427 1850 484 φλεβο·

167 484 333 539 τομίας
364 478 581 538 ἕξαίμους
612 480 898 538 γινομένους.
961 482 1259 539 Πελαγώνιος
1284 480 1493 542 Ἀρζυγίῳ
1524 483 1721 543 (ἀρσίπῳ
1738 486 1852 540 ΗΡ)

167 540 270 585 ἰδώ)
301 542 408 598 χ’ραι
412 556 496 585 ειν.
559 541 619 584 Μ
647 545 703 585 68
734 541 854 609 υλγ’.
917 541 1033 598 Veg.
1058 541 1100 586 V
1127 547 1327 595 11‚1.2.

289 558 408 645 εχρθά
414 599 506 644 hic
540 600 637 643 aut
667 599 841 645 nimio
874 601 1127 658 ascensu]
1161 600 1423 646 tolerabilis
1455 601 1684 654 brevitas,
1719 601 1825 645 dees
1819 588 1851 646 t

166 664 387 717 aeq‘mtat,
412 661 611 716 patitur,
646 658 720 702 vel
750 660 803 703 ut
834 658 961 716 apud
991 658 1106 716 Veg.
1132 660 1162 705 l
1189 674 1227 705 c.
1254 662 1517 716 passionem
1548 661 1791 706 contrahit.

291 719 514 763 urinam
556 718 894 774 sanguinem
939 717 1171 777 fecerit]
1209 720 1512 777 sanguineam
1553 719 1850 764 Sarchianius

170 776 364 821 dederat
396 778 494 822 sine
526 777 827 830 necessitate3
860 777 915 821 cf.
943 791 1084 833 supra
1115 779 1258 822 urina
1288 780 1478 835 sanquis
1509 782 1585 823 est.

282 836 378 881 303
410 836 468 880 H
503 840 587 879 145
619 834 913 892 προπότισμα
944 836 1060 892 πρὸς
1090 836 1148 879 τὰ
1178 844 1372 881 τοιαῦτα
1403 836 1554 892 πάθη.
1600 837 1850 893 προποτιὭσ

163 909 274 951 μασι
298 894 350 939 δὲ
374 895 490 952 πρὸς
512 894 570 938 τὰ
601 901 795 938 τοιαῦτα
818 894 954 951 πάθη
980 897 1133 939 τοῖσδε
1159 894 1329 954 χρήσῃ·
1371 894 1706 953 τραγακάνθης
1738 897 1848 954 οἰνῳ

162 954 569 1013 ἀποβεβρεγμενης
598 961 652 1010 γό
684 953 735 997 τὸ
767 951 907 1010 ἥμισυ
947 957 1040 998 κτλ.
1106 955 1165 998 M
1194 961 1248 999 69
1281 954 1402 1000 υλδ’.
1459 969 1563 999 cum
1595 956 1848 1012 Pelagonio

163 1014 399 1058 consentit
432 1014 546 1070 Veg.
571 1013 611 1056 V
638 1018 708 1067 11,
734 1018 773 1056 3.

280 1072 376 1116 304
408 1072 463 1115 H
492 1029 575 1116 1g45
607 1071 731 1116 ἄλλο.
792 1069 975 1127 πράσου
1008 1072 1148 1128 χυλὸν
1180 1072 1294 1130 μετὰ
1328 1071 1610 1130 οἰνομέλιτος
1641 1072 1722 1117 καὶ
1752 1073 1846 1116 ὠοῦ

161 1128 227 1182 εἰς
264 1130 346 1175 τὸν
383 1131 551 1188 λαιμὸν
591 1129 785 1190 ἔμβαλλε
824 1132 1120 1202 προσμίσγων
1167 1132 1248 1176 καὶ
1295 1132 1495 1189 στακτὴν
1542 1132 1701 1188 ὀλίγην
1734 1136 1844 1187 (om.

159 1192 381 1246 genestae
413 1192 603 1245 sucum).
666 1190 729 1234 M
753 1195 809 1234 69
841 1187 955 1234 υλε’.
1029 1191 1141 1248 Veg.
1167 1192 1207 1234 V
1234 1197 1303 1236 12.
1365 1192 1609 1248 genestam
1649 1190 1847 1235 viridem

158 1248 319 1293 tritam
351 1250 410 1294 ad
444 1249 781 1293 abundantiam
807 1249 1046 1306 sanguinis
1072 1250 1292 1307 propinat
1316 1250 1551 1307 Gargilius
1584 1264 1676 1294 cur.
1703 1249 1846 1294 boum

162 1313 186 1361 ξ
213 1313 267 1353 16
300 1308 591 1363 (Schneideri
623 1309 733 1352 edit.
760 1307 874 1364 Veg.
902 1323 947 1365 p.
975 1313 1089 1360 170).

279 1366 374 1412 305
415 1367 476 1410 Μ
497 1371 552 1410 70
590 1366 702 1424 υμς’
742 1367 860 1424 πρὸς
898 1368 1004 1418 τοὺς
1046 1367 1140 1412 ἀπὸ
1181 1367 1425 1425 μυκτήρων
1465 1365 1844 1442 αιμορροοῦντας.

159 1425 319 1482 φακὴν
359 1426 422 1483 (h.
455 1440 494 1470 e.
526 1425 701 1471 lentem
741 1441 822 1470 seu
860 1426 1152 1483 lenticulam)
1190 1427 1271 1470 καὶ
1310 1426 1437 1484 ἔριον
1478 1423 1615 1486 ἐλαίῳ
1642 1428 1843 1501 βεβρεγ-

157 1483 300 1542 μένον
333 1485 510 1536 καύσας
539 1484 620 1529 καὶ
651 1485 735 1540 τὴν
767 1485 968 1529 σποδιὰν
1008 1486 1160 1530 αὐτῶν
1201 1485 1367 1546 βρέξας
1410 1485 1491 1530 διὰ
1534 1472 1745 1543 καλάμου
1779 1484 1846 1536 εἰς

157 1545 266 1595 τοὺς
303 1550 538 1614 μυκτῆρας
577 1540 776 1601 ἐμφύσα.
844 1544 960 1600 Veg.
986 1544 1051 1587 III
1076 1550 1132 1589 35
1171 1547 1376 1590 chartam
1417 1547 1554 1590 etiam
1604 1551 1645 1590 et
1682 1547 1844 1589 lanam

155 1604 383 1649 combures
413 1606 649 1661 ipsumque
675 1605 905 1658 pulverem
928 1618 1015 1660 per
1044 1605 1245 1658 fistulam
1275 1606 1539 1661 ιἠςιιῇῑαὸίε
1567 1605 1782 1649 naribus.

275 1663 370 1707 306
401 1663 464 1707 Μ
488 1668 543 1707 99
577 1662 690 1719 χπη’
734 1663 1036 1718 Πελαγωνίου
1079 1662 1196 1720 πρὸς
1234 1664 1493 1720 ἀφρίζοντα
1534 1664 1691 1707 ιππον.
1757 1660 1842 1706 ἐὰν

158 1722 332 1780 ἀφρίζῃ
373 1722 513 1772 ιππος
554 1722 636 1765 καὶ
672 1721 780 1779 περι
823 1721 907 1778 τὴν
947 1721 1126 1778 τροφὴν
1166 1721 1367 1777 ἆήδειαν
1406 1720 1640 1780 ὑπομένῃ,
1682 1722 1840 1780 βραθυ

156 1779 222 1831 εἰς
252 1780 377 1836 ὕδωρ
410 1779 674 1855 ἀποβρέξας
705 1786 847 1837 σμῆχε
879 1780 931 1824 τὸ
964 1781 1122 1838 στόμα.
1185 1780 1446 1840 πρόσβαλλε
1487 1781 1539 1826 δὲ
1577 1768 1658 1825 καὶ
1689 1781 1842 1837 φύλλα

157 1841 316 1897 σχίνου
349 1839 431 1883 διὰ
461 1840 513 1884 τὸ
546 1840 759 1897 ευοσμον.

274 1899 366 1944 307
416 1898 595 1943 Colum.
620 1899 684 1942 VI
707 1903 786 1952 33,
811 1903 852 1944 2.
915 1895 1101 1943 Eumeli
1137 1899 1326 1944 nomine
1369 1901 1432 1943 M
1453 1905 1508 1944 69
1548 1898 1660 1956 υμγ’
1706 1897 1840 1955 ῥύσιν

156 1959 350 2015 αἵματος
380 1957 480 2026 τὴν.
498 1957 579 2002 διὰ
604 1954 746 2015 ρινῶν
771 1959 920 2015 ιστησι
943 1957 1225 2015 κολιάνδρου
1250 1962 1426 2015 χλωροῦ
1452 1958 1600 2015 χυλός.
1642 1959 1840 2002 eundem

157 2031 318 2062 sucum
354 2017 540 2074 saepius
579 2017 777 2062 adhibet
784 2017 1005 2083 Veg.111
1029 2023 1098 2062 35.
1125 2023 1196 2063 37.
1227 2018 1359 2073 Π26,
1378 2023 1442 2062 27-
1466 2017 1540 2075 (cf.
1559 2018 1619 2061 M
1634 2022 1687 2062 70
1701 2016 1840 2073 vag'.)

271 2076 367 2121 308
398 2078 454 2121 H
483 2081 566 2121 145
591 2075 714 2120 άλλο.
748 2082 864 2134 αἱμα
894 2083 1077 2134 πρῶτον
1102 2077 1197 2120 ἀπὸ
1222 2083 1303 2121 τοῦ
1329 2078 1608 2134 οὖρανίσκου
1633 2075 1841 2149 λάμβανε

154 2138 246 2181 κτλ.
278 2149 424 2192 usque
449 2135 530 2179 καὶ
552 2135 636 2186 τὰς
658 2135 832 2191 κριθὰς
857 2136 1024 2193 ὁμοίως
1046 2136 1317 2195 κατάβρεχε.
1343 2135 1454 2180 ἄλλο
1478 2138 1552 2193 (---
1571 2136 1633 2179 M
1651 2140 1706 2179 69
1731 2134 1836 2181 υλς’

154 2195 271 2310 Ζὲξέ
301 2193 1039 2327 {iffssssffivffl‘ssssgffi'gssn”22²2
1043 2193 1706 2329 τοξῧῑὲᾆὲζαῖῗέἔὲἃυᾜὲ)ο
1731 2209 1841 2308 υἶῖἵ

153 2313 291 2357 haec:
330 2311 469 2356 υδατι
499 2311 776 2387 ψυχροτάτῳ
818 2312 904 2369 τὴν
935 2312 1147 2369 κεφαλὴν
1180 2313 1324 2357 αὐτοῦ
1363 2312 1660 2368 ἀπάντλησον
1699 2326 1838 2368 προσ-

154 2372 288 2428 μίξας
320 2369 386 2422 εἰς
423 2371 475 2416 τὸ
515 2370 641 2428 ὕδωρ
681 2357 848 2423 ἅλατος
886 2372 1060 2439 ὀλίγον.
1123 2371 1356 2416 coriandri
1401 2385 1561 2417 sucum
1609 2385 1664 2416 ex
1703 2369 1838 2415 Colu-

152 2430 322 2476 mellae
369 2431 574 2475 remedio
620 2435 707 2475 30⁷
753 2431 845 2474 huc
883 2430 1134 2488 inrepsisse
1177 2430 1481 2475 manifestum
1519 2433 1602 2475 est.
1667 2429 1839 2473 similia

152 2492 383 2547 Apsyrtus
414 2489 671 2547 Hipp.144
701 2491 775 2549 (ex
806 2491 895 2534 hoc
925 2489 1164 2535 Hierocles
1194 2489 1306 2535 ibid.
1335 2491 1384 2534 et
1406 2490 1523 2547 Veg.
1547 2489 1591 2533 V
1616 2490 1673 2545 9).

269 2548 366 2594 309
396 2549 454 2592 Η
478 2552 563 2593 146
595 2548 718 2594 ἄλλο.
766 2549 883 2607 πρὸς
905 2549 1012 2600 τους
1045 2547 1161 2606 αἷμα
1195 2545 1435 2606 ε’μοῦντας.
1490 2549 1725 2604 ἀψίνθιον
1756 2547 1837 2590 καὶ

151 2608 474 2665 ναρδόσταχυν
523 2603 575 2652 ἐν
613 2610 810 2668 χαλκείῳ
856 2613 1004 2668 καινῷ
1051 2609 1165 2666 μετὰ
1211 2608 1382 2659 υδατος
1427 2606 1680 2664 ἀφεψήσας
1724 2621 1836 2663 προ-

154 2666 324 2720 πότιζε.
374 2668 437 2711 M
464 2672 518 2712 70
550 2667 680 2724 υμη’.
743 2655 857 2725 Veg.
882 2668 924 2711 V
951 2654 1004 2711 1¹2
1037 2669 1333 2740 (absinthium
1364 2667 1635 2722 Ponticum).

272 2726 369 2770 310
406 2726 500 2771 311
549 2726 606 2770 Η
632 2731 688 2770 42
734 2728 1036 2800 Πελαγῳνιόυ
1079 2727 1195 2784 πρὸς
1235 2725 1385 2785 φλέβα
1428 2725 1544 2782 ὑπερ
1577 2725 1627 2768 τὸ
1667 2721 1835 2780 μέτρον

159 2784 255 2828 ἀπὸ
287 2784 576 2860 φλεβοτόμου
609 2783 726 2843 αἷμα
762 2785 1069 2844 προχέουσαν.
1110 2786 1360 2843 ἀφόὸευμα
1392 2786 1537 2828 αυτοῦ
1567 2790 1650 2828 τοῦ
1690 2784 1835 2826 ιππου

155 2848 257 2894 ταῖς
296 2842 510 2901 ρεουσαις
552 2844 727 2901 φλεψὶν
768 2843 945 2896 ἐπίθες.
1010 2844 1054 2890 εἰ
1089 2845 1141 2890 δὲ
1174 2841 1405 2901 ἐπιμείνοι
1442 2844 1494 2887 τὸ
1541 2841 1656 2900 αἷμα
1696 2840 1837 2897 φερό-

154 2918 310 2958 μενον,
343 2903 526 2959 ευφυῶς
558 2901 691 2961 ἐρέας
729 2904 900 2961 μαλλὸν
934 2902 1098 2964 βρέξας
1130 2902 1195 2955 εἰς
1228 2902 1385 2948 ἔλαιον
1424 2908 1478 2959 τῇ
1519 2901 1654 2960 φλεβὶ
1692 2914 1835 2958 προσ-

1390 2977 1479 3020 12*
