2060 3232
121 282 330 344 potiona
360 297 478 330 suco
510 280 647 328 faeni
672 280 850 329 Graeci
881 295 995 328 cum
1025 279 1186 342 melle,
1219 279 1270 326 et
1300 277 1486 325 iterum
1517 278 1812 341 sanguinem

121 356 181 404 de
221 355 446 404 articulis
485 354 704 418 detrahe,
742 353 952 417 potiona
988 354 1193 415 pulvere
1233 350 1568 415 quadrigario.

231 429 361 477 Item
397 427 565 491 pulvis
600 427 843 492 Pelagoni
882 427 1129 489 apopiraS.
1199 425 1443 474 ciconiam
1482 441 1610 487 quae
1650 427 1812 476 adhuc
1829 444 1892 489 18

117 519 219 552 non
270 504 393 566 stat,
444 502 531 550 sed
578 503 749 550 tamen
795 517 925 564 quae
970 500 1072 549 iam
1117 500 1373 563 plumulas
1420 499 1594 564 habet,
1643 501 1813 550 vivam

74 584 95 618 5
118 576 264 624 mitte
303 576 357 624 in
387 575 713 625 caccabulum
742 575 948 624 fictilem
979 576 1030 623 et
1060 590 1220 639 gypsa
1252 577 1303 624 et
1332 575 1386 622 in
1415 575 1623 623 furnum
1652 576 1810 624 mitte.

118 650 233 698 inde
272 666 387 699 cum
432 649 588 698 fuerit
631 649 798 712 pulvis
844 650 1031 713 factus,
1082 649 1134 697 id
1181 651 1256 697 est
1302 665 1417 698 cum
1462 649 1617 698 fuerit
1661 652 1811 714 tosta,

117 724 171 771 in
209 724 449 773 mortario
495 726 599 772 tere
647 726 698 771 et
742 724 1001 786 pulverem
1042 721 1134 787 [et]
1181 739 1364 786 repone
1411 723 1464 771 in
1511 724 1612 772 olla
1649 724 1812 773 vitrea

118 800 170 846 et
207 813 323 846 cum
358 813 556 846 necesse
594 797 770 861 fuerit,
817 798 1036 846 cocleare
1084 797 1169 845 sed
1213 797 1400 862 grande
1445 798 1652 860 plenum
1697 813 1813 846 cum

116 872 235 921 vino
273 872 397 920 Afro
435 871 667 920 faucibus
705 870 928 935 infunde,
968 871 1211 933 quamdiu
1250 886 1402 919 sanus
1441 871 1519 919 sit.
1598 871 1812 920 certissi-

50 957 93 988 10
117 961 229 993 mus
269 948 320 995 et
357 945 594 994 salutaris
630 945 799 1007 pulvis
837 947 926 993 est.

227 1019 357 1068 Item
395 1019 547 1068 aliud.
625 1019 902 1068 cucumeris
942 1019 1160 1068 silvatici
1196 1019 1388 1068 radices
1429 1020 1702 1068 contundes
1748 1021 1812 1069 ad
1829 1034 1892 1078 19

118 1095 237 1142 sext.
277 1093 355 1141 HI
393 1096 444 1142 et
488 1094 721 1141 infundes
768 1093 822 1141 in
870 1109 1032 1156 aquae
1080 1095 1200 1142 sext.
1240 1093 1344 1141 ΙΠΙ
1391 1097 1507 1142 ante
1554 1094 1713 1157 pridie
1761 1097 1812 1142 et

116 1167 281 1232 agitas
328 1183 482 1230 quam
526 1167 806 1216 diutissime
853 1169 904 1215 et
957 1167 1091 1217 colas
1138 1170 1189 1216 et
1242 1167 1312 1216 sic
1358 1167 1644 1216 commisces
1690 1168 1812 1216 nitri

114 1241 442 1290 Alexandrini
499 1241 638 1290 tunsi
698 1244 749 1290 et
809 1241 933 1290 creti
991 1238 1138 1306 <unc
1189 1238 1342 1305 XV1>
1394 1244 1445 1291 et
1499 1242 1589 1290 das
1635 1242 1810 1291 diebus

48 1326 93 1360 15
117 1318 320 1379 septem.
406 1332 522 1364 cum
567 1315 808 1379 defuerit,
855 1331 1042 1378 aquam
1090 1315 1267 1380 iunges
1307 1318 1358 1364 et
1408 1315 1477 1364 sic
1521 1315 1684 1364 bibat.
1723 1333 1813 1409 per

26 1394 31 1399 “
115 1406 271 1439 0011111
307 1390 538 1438 faucibus
574 1390 820 1437 infundes

226 1463 356 1512 Item
402 1464 554 1512 aliud.
640 1463 841 1512 seminis
887 1463 1176 1512 cucurbitae
1221 1463 1589 1512 Alexandrinae
1648 1467 1811 1512 aceta-
1827 1476 1893 1522 20

115 1537 294 1585 bulum
346 1553 506 1586 unum
557 1537 717 1602 frigis⁸
753 1539 804 1585 et
851 1537 1024 1586 tundis
1073 1538 1125 1586 et
1174 1537 1333 1585 cernis
1384 1539 1436 1586 et
1478 1537 1656 1586 misces
1704 1538 1812 1587 vini

114 1611 297 1660 veteris
337 1611 440 1660 albi
478 1612 543 1660 ad
581 1627 768 1660 cornua
806 1611 905 1660 duo
953 1613 1006 1660 et
1042 1611 1207 1676 agitas
1247 1611 1335 1659 diu
1374 1613 1426 1660 et
1462 1613 1639 1674 postea
1676 1612 1810 1661 colas

48 1697 92 1729 20
116 1686 168 1734 et
205 1685 275 1734 sic
313 1702 403 1748 per
440 1685 696 1734 dexteram
731 1701 904 1733 narem
942 1685 1116 1734 diebus
1157 1685 1379 1748 quinque
1417 1681 1725 1750 <infundis>.

224 1759 355 1808 Item
385 1760 450 1808 ad
478 1759 723 1823 morbum,
763 1758 1070 1808 Columellae
1103 1760 1336 1808 auctoris.
1403 1760 1662 1809 evincendi
1692 1762 1812 1808 sunt
1828 1772 1890 1816 21

115 1834 346 1895 quamvis
384 1834 611 1896 pestiferi
648 1833 811 1882 morbi
842 1836 893 1882 et
922 1834 1184 1897 exquisitis
1213 1833 1446 1882 remediis
1480 1834 1810 1917 propulsandi

114 1909 246 1956 sunt.
322 1907 528 1970 panacis
576 1910 627 1957 et
671 1907 867 1990 eryngii
910 1908 1102 1957 radices
1147 1907 1356 1991 feniculi
1402 1908 1673 1992 seminibus
1717 1908 1810 1957 mi-

47 2066 91 2098 25
115 2057 515 2120 conspargendae
555 2072 714 2120 eoque
752 2056 1079 2105 medicamine
1126 2057 1443 2105 salivandum
1488 2059 1564 2105 est
1603 2072 1811 2121 aegrum

112 2145 279 2192 pecus.
349 2133 460 2178 tum
490 2130 695 2192 paribus
728 2130 890 2178 casiae
929 2146 1228 2213 murraeque
1261 2133 1312 2178 et
1348 2130 1477 2178 turis
1507 2130 1810 2193 ponderibus

114 2220 173 2252 ac
210 2204 509 2252 tantundem
549 2203 808 2268 sanguinis
838 2204 1061 2253 marinae
1095 2203 1364 2253 testudinis
1394 2204 1634 2253 miscetur
1669 2204 1809 2267 potio

115 2294 231 2326 cum
290 2278 396 2327 vini
456 2278 640 2327 veteris
703 2279 879 2326 sextar.
926 2278 1005 2326 ΠΙ
1058 2280 1109 2326 et
1161 2278 1235 2326 ita
1291 2295 1381 2341 per
1443 2293 1589 2326 nares
1642 2278 1808 2326 infun-

115 2351 265 2400 ditur.
344 2352 431 2400 sed
468 2352 635 2414 ipsum
672 2351 1093 2400 medicamentum
1136 2353 1369 2415 ponderis
1416 2352 1699 2402 sescunciae
1738 2352 1810 2400 di-

48 2437 92 2468 30
115 2425 281 2474 visum
311 2425 539 2488 portione
580 2442 743 2488 aequa
772 2442 862 2488 per
890 2426 1118 2474 triduum
1149 2426 1340 2476 dedisse
1373 2429 1453 2474 sat
1491 2427 1598 2475 erit.
1668 2442 1809 2489 prae-
1827 2443 1888 2488 22

116 2515 228 2547 sens
261 2500 415 2548 etiam
443 2499 720 2548 remedium
751 2500 1074 2564 cognovimus
1098 2500 1366 2565 radiculae,
1400 2517 1553 2563 quam
1582 2503 1808 2563 pastores

241 2660 268 2700 8
309 2654 508 2701 cocliare
539 2657 554 2711 ΙΙ
589 2661 643 2700 14
680 2655 713 2714 <
739 2655 772 2715 >
811 2657 1011 2701 restvtuit
1041 2656 1313 2711 Eichenfeld
1342 2671 1401 2702 ex
1429 2657 1487 2700 H
1511 2664 1564 2714 γό
1596 2654 1810 2716 δεκαέξρ]

124 2718 183 2758 20
213 2713 419 2759 infundis
449 2717 635 2773 scripsi:
669 2713 794 2773 ἔγχει
824 2716 880 2759 Η
929 2714 1064 2760 dabis
1096 2715 1255 2761 Sarch.
1281 2718 1297 2774 ΙΙ
1320 2720 1374 2759 21
1416 2715 1694 2760 culumellae
1736 2718 1808 2772 (in

125 2788 269 2832 marey
276 2788 333 2818 ne
362 2777 535 2830 repetet.
569 2776 754 2833 leq-etur)
780 2777 795 2832 u
819 2780 874 2818 22
908 2774 1105 2830 quanuis
1129 2776 1145 2832 u
1169 2780 1224 2819 23
1258 2774 1444 2832 eryngis
1467 2777 1484 2832 ΙΙ
1507 2780 1562 2819 25
1588 2788 1805 2833 conspar-

125 2833 280 2888 genda
307 2836 314 2886 Ι
342 2833 616 2877 saluandum
649 2834 721 2890 (in
750 2834 958 2889 maryine
987 2836 1196 2890 repetivit
1234 2834 1518 2888 Politianus)
1542 2836 1558 2892 Ι]
1589 2838 1645 2878 26
1677 2834 1801 2893 tum]

121 2893 237 2935 tunc
270 2890 362 2936 001
388 2894 484 2946 (sed
506 2895 607 2936 tum
632 2893 771 2937 editio
792 2893 1034 2948 Bruschii)
1064 2896 1070 2948 Ι
1099 2892 1274 2937 cassiae
1297 2907 1572 2949 myrraeque
1596 2896 1611 2951 ΙΙ
1634 2898 1690 2938 29
1707 2907 1800 2938 ses-

120 2949 306 2995 cuntiae
