2060 3232
782 730 1350 793 FRAGMENTA.

84 978 204 1025 471*
330 971 390 1019 Η
416 971 508 1020 26:
541 966 700 1019 Ἄλλο.
768 967 855 1019 ἐὰν
886 967 1003 1030 τοὺς
1042 966 1380 1037 ἐμπροσθίους
1403 967 1606 1038 ἄρξηται
1636 968 1911 1036 χωλαίνειν,

219 1039 339 1109 αἷμα
391 1041 592 1111 ἀφαίρει
648 1040 746 1094 ἀπὸ
799 1050 897 1093 τῶν
948 1041 1270 1111 ἐμπροσθίων
1322 1043 1626 1112 βραχιόνων·
1713 1041 1801 1093 ἐὰν
1854 1040 1908 1093 δὲ

217 1117 335 1177 τοὺς
375 1114 657 1182 ὄπισθίους,
695 1115 793 1167 ἀπὸ
831 1124 930 1167 τῶν
969 1124 1160 1185 μηρῶν·
1231 1115 1318 1168 ἐὰν
1349 1115 1403 1168 δὲ
1433 1115 1549 1188 ἕλκῃ
1580 1116 1666 1178 τὰς
1697 1115 1908 1184 λαγόνας

216 1190 299 1240 καὶ
336 1191 452 1251 τοὺς
490 1197 741 1258 μυκτῆρας
773 1188 1047 1262 ἀνεῳγότας
1078 1189 1180 1262 ἔχῃ,
1219 1185 1306 1241 ἀπ’
1340 1190 1632 1258 ἀμφοτέρων
1662 1198 1762 1241 τῶν
1791 1209 1906 1258 κρο-

219 1265 404 1330 τάφων.
447 1259 550 1314 εἶτα
586 1267 828 1333 κυνάριον
867 1263 1174 1334 ἕπταήμερον
1211 1263 1405 1330 ἑψήσας
1442 1269 1602 1325 καλῶς
1640 1264 1725 1315 καὶ
1764 1265 1907 1331 μίξας
1952 1281 1977 1315 5

218 1331 372 1406 οὖρον
423 1336 603 1400 παιδὸς
653 1336 889 1407 ἀφθόρου
941 1339 1025 1390 καὶ
1078 1339 1220 1391 οἴνου
1276 1343 1475 1406 πλῆθος
1527 1339 1742 1405 κοτύλην
1788 1339 1907 1405 μίαν

218 1411 512 1479 έγχυμάτιζε.
985 1426 989 1431 ’

82 1494 203 1541 472*
330 1489 390 1535 H
419 1489 522 1537 185
574 1481 669 1554 (=
701 1489 768 1536 M
796 1490 864 1538 28
907 1482 1019 1554 Qffss'.
1076 1481 1219 1556 Qy'):
1258 1483 1420 1537 Ἄλλο.
1488 1486 1755 1552 δελφάκιον
1793 1484 1912 1552 μετὰ

215 1561 455 1626 πτισάνης
491 1560 782 1627 γαλαθηνὸν
820 1560 1012 1626 ἑψήσας
1062 1559 1154 1621 ἕως
1199 1559 1263 1612 ἂν
1311 1562 1618 1611 διαλυθῶσιν
1663 1559 1818 1611 αὑτοῦ
1857 1559 1914 1610 αἰ

215 1635 405 1700 σάρκες,
443 1633 498 1684 ἐκ
534 1634 713 1685 τούτου
751 1634 834 1684 διὰ
871 1634 1071 1703 κέρατος
1110 1634 1191 1686 ἐπὶ
1227 1632 1434 1703 ἡμέραις
1471 1633 1631 1703 τρισὶν
1669 1634 1808 1702 ἔγχει.
1932 1652 1977 1684 10

83 1715 201 1763 473*
316 1705 476 1759 Ἄλλο.
538 1708 766 1775 πηγάνου
799 1708 988 1775 δεσμὴν
1020 1708 1217 1777 μικρὰν,
1257 1710 1480 1776 σμύρνης
1510 1712 1572 1775 γό
1603 1705 1676 1774 β’,
1715 1705 1905 1772 δαφνό-

214 1801 370 1832 κοκκα
409 1778 488 1847 ιε’,
525 1783 739 1847 κυμίνου
777 1783 1088 1834 Αἰθιοπικοῦ
1118 1787 1180 1850 γό
1209 1781 1278 1850 γ’,
1317 1782 1483 1833 ἐλαίου
1514 1786 1667 1833 καλοῦ
1699 1783 1909 1847 κοτύλης

218 1855 272 1906 τὸ
310 1856 493 1921 ἥμισυ,
533 1856 822 1921 συνεψήσας
868 1857 985 1922 μετὰ
1031 1857 1173 1907 οἴνου
1220 1856 1428 1923 μέλανος
1473 1860 1685 1907 παλαιοῦ
1738 1854 1908 1917 ξέστου

216 1928 326 1989 ἑνὸς
364 1928 642 1996 ἐγχυμάτιζε
680 1928 759 1980 ἐπὶ
794 1927 1000 1998 ἡμέραις
1036 1930 1210 1998 τρισίν.

104 2012 201 2058 474
327 2005 388 2052 H
415 2007 480 2054 31
525 1998 621 2072 (=
645 2005 713 2053 M
733 2006 802 2054 82
827 2000 974 2072 φμ’);
1013 2004 1335 2071 Πελαγωνίου
1366 2002 1491 2070 πρὸς
1521 2002 1767 2070 βουλσοὺς
1796 2000 1906 2068 ’ἤτοι
1930 2020 1974 2054 15

221 2076 332 2143 περὶ
369 2076 689 2141 πνευμονίας.
767 2078 1008 2145 χοιρίδιον
1045 2077 1337 2145 γαλαθηνὸν
1377 2078 1567 2142 σφάξον
1606 2084 1912 2145 παρεστῶτος

219 2149 371 2201 ἐκεῖσε
416 2149 611 2216 ἑτοίμου
656 2158 746 2201 τοῦ
790 2150 1103 2217 κακουμένου
1152 2152 1279 2212 ζώου
1335 2151 1419 2202 καὶ
1466 2150 1654 2211 εὐθέως
1701 2149 1809 2211 ζέον
1853 2150 1910 2203 τὸ

223 2220 345 2290 αἷμα
383 2222 507 2291 ἔγχει
543 2229 604 2294 τῇ
643 2225 861 2293 φάρυγγι
898 2225 1066 2276 αὐτοῦ.

109 2306 206 2354 475
334 2300 399 2347 M
443 2301 511 2348 83
553 2295 705 2363 φμα’;
758 2296 967 2366 ’Ἕτερον
1019 2299 1144 2367 πρὸς
1198 2299 1454 2365 πνεύμονα
1505 2297 1590 2349 καὶ
1641 2299 1908 2366 βουλσούς·

222 2371 474 2422 κάλλωσον
533 2372 744 2438 χοίρειον
806 2372 923 2438 μετὰ
973 2374 1154 2433 ὕδατος
1209 2372 1451 2437 διεψήσας
1504 2372 1623 2423 ὥστε
1675 2371 1908 2439 γενέσθαι
1931 2391 1977 2423 20

226 2444 345 2495 αὐτὸ
384 2445 454 2504 εἰς
495 2442 757 2510 ὁμοιότητα
793 2446 988 2510 κόλλης,
1027 2454 1170 2497 τοῦτο
1211 2446 1293 2496 διὰ
1329 2445 1530 2514 κέρατος
1575 2445 1909 2513 ἐγχυμάτισον.

111 2528 207 2574 476
333 2519 393 2568 Η
422 2523 485 2569 31
540 2514 633 2587 (=
658 2521 725 2568 M
746 2521 814 2569 83
836 2514 1015 2588 φμβ’);
1056 2517 1203 2570 ’Άλλο
1236 2520 1306 2579 εἰς
1343 2519 1397 2570 τὸ
1431 2519 1563 2571 αύτό.
1624 2519 1721 2569 ἀπὸ
1753 2520 1909 2585 ζύμης

343 2651 369 2691 3
405 2644 513 2702 ἕλκη
549 2646 595 2690 Ρ
615 2646 630 2702 ΙΙ
654 2651 682 2690 4
713 2645 977 2703 ἀνεωγότας
1017 2643 1097 2704 ἔχη
1131 2647 1178 2690 Ρ
1204 2649 1221 2705 ΙΙ
1251 2650 1278 2691 8
1309 2641 1553 2703 Δέλφακιν
1585 2647 1686 2702 Mn
1719 2651 1773 2691 15
1803 2646 1908 2701 ἤτοι

218 2749 303 2780 om.
336 2734 398 2778 M
429 2735 445 2791 ΙΙ
486 2737 540 2778 16
571 2717 1080 2779 ΠΕΡΙΠΝΕΥΜΟΝῘΑ(
1111 2734 1158 2778 Ρ
1193 2736 1200 2792 Ι
1251 2735 1451 2780 lemmati
1497 2735 1560 2778 M
1618 2735 1751 2780 addit
1795 2735 1906 2780 haee

219 2800 354 2839 τοῦτο
385 2792 467 2838 καὶ
495 2793 613 2851 πρὸς
643 2792 921 2849 λεπτότητας
950 2798 1084 2838 ποιεῖ
1107 2793 1259 2851 ἄκρως
1281 2796 1296 2852 ΙΙ
1323 2798 1376 2838 18
1407 2798 1463 2849 τῆ
1499 2794 1545 2837 Ρ
1565 2794 1579 2850 ΙΙ
1614 2798 1667 2838 19
1698 2809 1904 2850 πνευμο-

220 2854 328 2897 νιάν
361 2852 424 2897 Μ
447 2854 501 2897 in
530 2853 683 2898 indice
721 2853 924 2909 capitum
954 2855 970 2909 ΙΙ
1010 2857 1065 2898 22
1105 2854 1265 2899 lemma
1303 2854 1355 2897 in
1394 2853 1456 2897 M
1487 2853 1568 2899 hoc
1614 2858 1741 2899 extat
1786 2852 1904 2911 πρὸς

221 2912 442 2971 βουλσοὺς
471 2910 576 2966 ἤτοι
605 2910 713 2969 περὶ
743 2913 1030 2970 πνευμονιάς
