2060 3232
888 118 1281 173 -164—

252 248 385 308 ᾇίζαν
423 248 505 294 καὶ
544 249 712 309 ὄροβον
751 252 905 304 κόψας
946 245 996 293 ἔν
1037 248 1157 310 ὅλμῳ
1196 249 1311 307 μετὰ
1349 249 1501 293 σύκων
1535 247 1711 307 Ἀφρῶν
1750 256 1842 306 χρῶ
1875 250 1936 300 ὡς

250 310 336 366 ἀλη
339 307 565 369 θεστάτῳ.
628 309 743 365 Veg.
771 309 837 351 111
860 314 933 361 48,
958 313 998 353 3.

367 368 461 414 202
503 354 565 412 M
594 372 648 412 31
696 366 799 424 ρλς’
851 367 968 423 πρὸς
1005 367 1056 412 τὸ
1102 362 1294 424 ἐκρῆξαι
1335 366 1420 423 τὴν
1460 368 1733 424 φλεγμίναν.
1795 372 1936 422 συκῆς

251 424 386 484 ῥίζαν
425 430 518 472 κτλ.
590 426 648 472 cf.
684 432 769 471 194
803 427 850 470 et
880 425 1097 484 Veg.111
1127 431 1207 483 48,
1246 431 1275 469 4
1323 425 1423 482 (ubi
1469 427 1541 470 est
1584 425 1723 470 filicis
1769 426 1935 482 radix),

375 544 472 590 203
507 545 567 588 Μ
591 548 644 588 31
680 542 774 600 ρλζ’
815 543 931 599 πρὸς
968 544 1019 587 τὸ
1061 538 1234 599 ἐπᾶραι
1265 546 1523 600 φλεγμῖναν
1563 542 1792 598 σινήπεως
1823 540 1938 587 Ἀλε-

252 606 517 661 ξανδρηνῆς
548 611 602 659 γὸ
635 603 698 657 ς’,
731 601 975 658 καρδάμου
1001 600 1361 658 Ἀλεξανδρηνοῢ
1393 610 1447 658 ’γό
1481 601 1547 657 ς’,
1579 602 1732 646 σύκων
1764 603 1935 659 Ἀφρῶν

248 672 303 720 γό
338 663 401 722 β’,
433 661 683 719 ἀξουγγιόυ
714 663 916 704 παλαιοῦ
950 669 1003 716 ’γό
1037 660 1101 719 β’,
1134 660 1269 714 ὄξους
1299 660 1351 704 τὸ
1385 636 1577 717 ἀρκοῦν.
1609 660 1794 706 restit-ui
1822 661 1934 706 hinc

221 758 225 763 .
251 724 373 766 etex
390 720 581 765 alterius
607 718 782 764 codicis
807 719 1007 764 lectione
1033 719 1254 764 turbante
1279 718 1468 764 initium
1493 718 1661 776 capitis
1686 717 1937 774 sequentis,

257 782 314 825 de
346 794 439 836 qua
469 793 519 823 re
552 778 650 823 dixi
679 778 799 822 Mus,
834 778 982 823 Rhen.
1008 783 1064 823 46
1090 793 1134 835 p.
1161 783 1261 824 373.
1295 777 1490 823 eaedem
1529 778 1705 845 species
1743 778 1940 822 redeunt

255 844 361 896 194,
400 839 482 883 ubi
525 836 754 883 nasturcii
788 837 1073 883 adiectivum
1121 837 1265 894 deest,
1311 836 1390 882 hic
1436 837 1607 882 iniuria
1655 839 1709 882 ut
1753 836 1940 882 videtur

251 913 300 943 re
335 899 517 943 etitum.

304 915 332 956 p
372 956 481 1014 Cap.
517 955 615 999 XII.
678 954 856 999 Auctor
892 955 1030 998 huius
1073 954 1241 1011 capitis
1279 955 1560 1029 praecipuus
1601 953 1822 999 Eumelus
1865 955 1938 998 est

257 1017 319 1060 M
351 1021 407 1061 16
437 972 534 1059 κθ’
593 1013 812 1070 Εὐμήλου
858 1013 973 1070 πρὸς
1016 1012 1277 1058 δυσπνοιαν
1323 1012 1428 1069 ὴτοι
1480 1013 1632 1071 μάλιν.
1709 1014 1940 1070 Apsyrtus

255 1075 397 1131 Hipp.
428 1090 474 1130 p.
512 1079 564 1117 12
613 1077 835 1146 quattuor
886 1073 1070 1116 tantum
1117 1072 1295 1129 μάλεως
1347 1087 1522 1129 genera
1567 1071 1820 1129 distinguit
1864 1071 1941 1127 (cf.

259 1149 304 1190 p.
334 1138 388 1177 10
420 1132 445 1176 ὃ
485 1134 706 1175 καλοῦσιν
747 1128 796 1175 οἷ
829 1130 992 1175 πολλοὶ
1037 1130 1196 1187 μάλιν,
1235 1131 1359 1182 τινὲς
1404 1131 1456 1176 δὲ
1503 1130 1795 1188 κατάρρουν,
1835 1129 1943 1174 Ρω-

263 1190 419 1248 μαϊστὶ
450 1190 502 1235 δὲ
536 1188 851 1262 σουσπέριον>ε
883 1188 912 1244 ἡ
947 1188 1030 1246 μὲν
1062 1188 1150 1247 γάρ
1184 1165 1307 1234 ἐστιν
1338 1190 1478 1248 ὑγρὰ,
1517 1189 1546 1245 ἡ
1580 1189 1632 1234 δὲ
1665 1189 1805 1247 ξηρὰ,
1837 1189 1865 1245 ἡ
1889 1189 1940 1234 δὲ

258 1252 499 1308 ἀρθρῖτις,
538 1247 567 1304 ἡ
600 1248 652 1293 δὲ
691 1249 1049 1305 υποδερματῖτις
1089 1249 1164 1305 (cf.
1187 1249 1389 1294 Hierocl.
1413 1265 1458 1306 p.
1485 1251 1580 1306 13),
1619 1248 1723 1306 Veg
1725 1248 1846 1293 etius
1870 1248 1893 1291 Ι
1916 1254 1942 1292 2

257 1312 437 1366 septem
472 1310 725 1353 enumerat.
789 1306 1071 1365 Pelagonius
1103 1306 1180 1352 hic
1210 1309 1412 1353 maxime
1437 1308 1493 1352 de
1518 1263 1758 1352 articulari
1779 1308 1943 1353 morbo

256 1369 357 1425 agit
389 1368 525 1425 (Veg.
555 1367 577 1410 Ι
603 1372 628 1411 6
660 1381 787 1423 quem
819 1367 1039 1425 ἀρθρῖτιν
1065 1366 1232 1411 Graeci
1260 1372 1438 1423 vocant,
1468 1366 1514 1409 ΙΙ
1538 1371 1616 1421 10,
1640 1372 1669 1410 4
1691 1368 1944 1422 suspirium

258 1428 541 1481 articulare).
605 1439 724 1480 quae
755 1425 896 1482 Hipp.
921 1441 967 1482 p.
995 1430 1048 1470 17
1082 1425 1190 1483 περὶ
1222 1425 1399 1483 μάλεως
1438 1427 1583 1483 ξηρᾶς
1612 1425 1834 1482 leguntur
1867 1425 1942 1482 (cf.

258 1487 321 1530 M
345 1490 400 1529 18
432 1489 484 1541 λγ
496 1484 540 1540 ’,)
575 1497 631 1528 ea
655 1485 851 1528 Eumelo
876 1483 1172 1540 adsignanda
1195 1486 1414 1530 videntur
1438 1485 1546 1530 coll.
1571 1484 1765 1541 Apsyrti
1786 1484 1943 1529 verbis

256 1559 301 1601 p.
328 1548 383 1588 12
416 1548 478 1602 τῷ
512 1543 704 1602 τοιούτῳ
738 1544 822 1587 ουκ
855 1541 951 1587 ἔστι
972 1544 1231 1601 θεραπεία,
1263 1543 1381 1588 ἀλλὰ
1411 1545 1649 1600 διαφωνεῖ
1674 1543 1734 1594 ὡς
1766 1544 1946 1601 εἴρηται

257 1604 339 1647 καὶ
370 1588 570 1670 Ευμήλῳ
601 1608 663 1662 τῷ
700 1603 891 1662 Θηβαίῳ
923 1617 1029 1647 cum
1053 1618 1098 1659 p.
1125 1607 1180 1647 18
1212 1603 1294 1647 καὶ
1333 1601 1468 1660 ἐγγύς
1507 1599 1603 1647 ἐστι
1639 1609 1722 1647 τοῦ
1765 1604 1947 1659 διαφω-

259 1668 412 1731 νῆσαι,
460 1663 615 1718 prima
639 1664 797 1705 autem
821 1647 963 1706 verba
988 1661 1170 1736 capitis,
1203 1676 1308 1707 cum
1331 1661 1584 1706 tradatur
1570 1677 1620 1705 1n
1642 1662 1945 1718 inscriptione

249 1722 408 1796 pecori
453 1723 499 1765 et
545 1720 768 1764 Eumelus
803 1721 863 1763 M
887 1724 942 1763 16
975 1721 1063 1764 κθ’
1108 1719 1309 1777 incipiat
1347 1720 1580 1765 δύσπνοια
1621 1721 1752 1774 ζώοις
1787 1720 1947 1790 πάθος

261 1778 700 1834 ἐπικινδυνότατον,
740 1780 858 1823 haec
897 1778 1041 1824 fuisse
1079 1779 1341 1836 probantur
1379 1781 1632 1837 suspirium
1662 1781 1821 1837 pecori
1850 1778 1945 1836 (vel

253 1839 515 1897 pecoribus)
538 1839 974 1894 periculosissimum
1005 1840 1167 1883 vitium
1198 1844 1262 1884 est
1293 1853 1331 1883 e.
1358 1854 1401 1895 q
1429 1854 1462 1884 s.

379 1897 474 1942 204
512 1897 753 1940 naribus
794 1897 988 1940 reddit
1027 1897 1236 1966 umida]
1271 1896 1353 1941 διὰ
1388 1904 1479 1941 τῶν
1519 1896 1763 1954 μυκτήρων
1804 1894 1946 1954 ἰχῶρα

260 1954 470 2029 <πέμπει
499 1956 576 1999 vel
608 1953 778 2014 φέρει>
811 1956 895 2007 Μ,
937 1956 1153 2000 similiter
1190 1957 1417 2012 Apsyrtus
1457 1972 1500 2013 p.
1531 1961 1585 2000 10
1628 1954 1788 2013 ἰχῶρες
1829 1956 1948 2000 ἀπο-

263 2013 504 2068 στάζουσιν
537 2010 589 2058 ἐκ
621 2021 712 2057 τῶν
745 2013 989 2071 μυκτήρων
1019 2019 1197 2071 παχεῖς.

378 2072 672 2140 restertit]
704 2074 948 2130 πταίρεται
980 2080 1180 2130 συνεχῶς
1211 2074 1283 2130 Μ,
1314 2070 1501 2174 ρέγχειΕ
1498 2072 1738 2130 Apsyrtus.

380 2131 674 2177 claudicat
698 2131 938 2188 pedibus
964 2133 1209 2177 alternis
1242 2146 1280 2178 e.
1307 2147 1364 2208 q.
1378 2134 1434 2191 s.]
1464 2131 1706 2177 Ezumelus
1731 2134 1947 2189 χωλαίνει

261 2189 378 2235 καθ’
409 2189 603 2235 ἕκαστον
627 2190 754 2235 πόδα
779 2191 856 2247 (cf
881 2191 999 2248 Veg.
1026 2193 1045 2235 Ι
1071 2195 1142 2247 13,
1170 2193 1228 2248 1),
1251 2190 1310 2235 τὰ
1335 2186 1429 2235 ὦτα
1452 2195 1644 2251 πιτυριᾷ
1670 2192 1950 2250 (πιτυρίασις

263 2250 432 2295 vitium
465 2249 647 2307 capitis,
671 2249 924 2307 porriginis
948 2264 1108 2324 genus,
1141 2250 1259 2295 Plin
1276 2250 1363 2294 XX
1383 2255 1488 2305 101;
1520 2234 1653 2321 XXII
1677 2255 1750 2295 64.
1780 2251 1948 2296 Medic.

261 2308 383 2353 Plin.
411 2313 451 2363 1,
476 2314 502 2352 2
528 2323 573 2364 Ρ.
601 2314 654 2352 12
686 2308 824 2362 Rose)
865 2308 947 2352 καὶ
989 2304 1321 2353 ἔπινενευκότα
1361 2309 1482 2353 αὐτὰ
1521 2308 1678 2366 φέρει,
1717 2310 1768 2354 τὸ
1801 2308 1950 2367 δέρμα

263 2367 407 2411 αὐτοῦ
440 2367 638 2423 σκληρὸν
670 2366 751 2410 καὶ
782 2366 960 2424 ἄγριον.
1015 2375 1149 2412 τοῦτο
1180 2369 1341 2412 τοίνυν
1366 2369 1610 2427 συμβαίνει
1642 2369 1845 2424 ὁπηνίκα
1869 2368 1950 2412 διὰ

263 2432 345 2482 τῆς
383 2432 464 2500 τ,οὓ
506 2424 695 2476 πάθους
735 2425 966 2482 ὠμότητος
1006 2425 1364 2499 ἀποκαιομένων
1407 2428 1517 2501 (leg.
1557 2425 1950 2484 ἀποκλειομένων)
2029 2439 2060 2467 .’

265 2491 358 2528 τῶν
391 2484 625 2541 αρτηριῶν
657 2484 738 2527 καὶ
769 2483 1202 2542 τραυματιζομένων
1241 2486 1405 2530 λοιπὸν
1446 2486 1498 2530 τὸ
1537 2485 1657 2529 κατὰ
1697 2486 1840 2542 φύσιν
1873 2482 1951 2530 ἐπὶ

265 2544 347 2588 τὸν
378 2542 622 2599 πνευμονα
654 2542 713 2599 μὴ
745 2544 1055 2600 παραγίνεται
1085 2551 1284 2600 πνεῦμα.

387 2615 566 2658 eoque
598 2601 729 2646 vino
762 2604 818 2645 et
849 2603 974 2646 oleo
1005 2603 1308 2660 permixto]
1342 2601 1456 2659 αἷμα
1491 2602 1541 2646 ἐκ
1570 2606 1652 2646 τοῦ
1686 2602 1951 2659 σφονδύλου

267 2660 470 2705 καὶτῶν
504 2663 676 2705 σκελῶν
720 2660 941 2719 λάμβανε.
996 2663 1127 2718 μίσγε
1166 2665 1302 2706 τοῦτο
1342 2662 1453 2720 οἰνῳ
1492 2660 1573 2704 καὶ
1613 2658 1749 2721 ἐλαίῳ
1789 2662 1869 2705 καὶ
1899 2662 1950 2706 τὸ

267 2720 454 2776 σύμπαν
510 2720 732 2778 ἀπότριβε
787 2726 929 2775 σῶμα.
1009 2721 1065 2766 cf.
1125 2719 1248 2764 infra
1302 2723 1389 2764 205
1443 2721 1633 2778 sanquis
1686 2722 1740 2765 de
1787 2722 1952 2766 cervice

263 2780 467 2824 mittitur
505 2781 632 2836 isque
670 2792 771 2823 cum
809 2779 902 2823 oleo
942 2784 983 2824 et
1020 2784 1143 2824 aceto
1177 2780 1476 2836 permiscetur
1514 2787 1555 2824 et
1593 2780 1662 2824 ita
1700 2782 1949 2824 iumentum

267 2839 472 2894 uuyitwr.

387 2896 545 2940 cibus
593 2896 644 2940 ei
686 2908 920 2952 gramen
966 2895 1080 2941 erit
1127 2910 1162 2940 e.
1198 2911 1242 2952 q.
1277 2896 1333 2954 s.]
1374 2913 1458 2952 την
1499 2896 1550 2941 δὲ
1591 2895 1772 2954 τροφὴν
1811 2892 1948 2952 ἐχέτω
