2060 3232
815 139 1211 191 *173-

297 267 390 311 261
431 266 495 311 M
525 270 580 310 31
622 266 732 325 ρμβ’
773 266 890 323 πρὸς
928 267 1085 323 νεῦρα
1110 266 1169 310 τὰ
1207 273 1299 311 τῶν
1338 267 1531 324 ἄρθρων
1576 268 1679 323 ἤτοι
1717 272 1860 316 λεπτά

181 325 260 382 (cf.
288 326 422 382 Oorp.
441 325 590 370 Gloss.
606 324 650 367 Π
665 340 710 381 p.
732 330 814 369 129
838 326 1064 370 minutum
1087 325 1365 383 λεπτάριον).
1397 329 1684 383 κυπαρίσσου
1709 329 1860 385 φύλλα

176 385 332 442 κόψας
384 383 465 428 καὶ
517 383 710 434 λειώσας
758 382 939 434 τούτοις
984 379 1199 443 ἐπίβαλλε
1253 386 1474 440 κρίθινον
1527 385 1724 444 ἄλευρον
1779 389 1860 432 καὶ
1919 398 1924 403 ”

184 444 362 500 ἕψησον
393 441 508 500 μετὰ
548 444 680 486 οἰνου
720 442 802 486 καὶ
841 438 998 486 ἐλαίου
1038 443 1294 500 ἀρκοῦντος
1331 442 1413 487 καὶ
1450 444 1649 499 ποιήσας
1689 442 1861 502 ε’μπλα-

180 504 380 559 στρῶδες
412 500 548 560 βάλλε
580 500 646 552 εἰς
678 498 808 545 οἶνον
840 501 922 545 καὶ
954 500 1069 557 μετὰ
1102 499 1254 559 ἰαρίου
1274 505 1504 546 Γαλλικοῦ
1536 506 1684 554 καλῶς
1716 530 1771 537 —-
1796 507 1861 549 la-

178 574 298 605 cuna
330 586 385 594 -
417 558 758 617 καθεψημένου
782 560 864 604 καὶ
886 559 1310 617 λεπτοποιηθέντος
1340 561 1455 618 μετὰ
1487 562 1538 606 τὸ
1571 569 1861 618 συγκοπῆναι

178 619 357 664 ἀνελὼν
404 626 497 677 χρῶ
538 619 598 670 ὡς
637 615 904 679 ἐμπλάστρῳ
944 615 1239 664 ἐπιπλάσσων
1282 620 1363 664 καὶ
1406 616 1679 678 ἔπιδεσμῶν.
1743 621 1862 678 ὅμως

178 677 231 723 δὲ
262 678 374 736 πρὶν
406 677 434 734 ἢ
466 678 518 722 τὸ
557 678 865 735 κατάπλασμα
905 684 1097 735 μιγῆναι
1134 678 1361 737 πρότερον
1402 679 1601 737 σκόρὸον
1634 682 1862 725 Γαλλικὸν

179 737 287 795 (sic,
339 752 477 794 supra
520 735 692 794 ἰαρίου)
743 736 1104 795 κεκαθαρμένον
1143 737 1258 795 μετὰ
1297 734 1482 797 ἐβίσκου
1523 738 1862 797 καθεψημένου

177 796 260 840 καὶ
307 796 462 853 ὀλίγης
506 796 758 853 ἀξουγγίας
802 796 989 847 κόπτεις
1033 796 1116 840 καὶ
1154 796 1297 848 οὕτως
1336 793 1595 857 ἐπιβάλλεις
1632 799 1684 843 τὸ
1723 799 1863 843 κατά-

180 858 368 912 πλασμα
398 855 450 899 τὸ
484 851 536 899 ἐκ
566 861 658 899 τῶν
688 856 919 912 κριθίνων
952 855 1160 912 ἀλεύρων
1198 855 1278 899 καὶ
1309 863 1400 900 τῶν
1440 856 1624 913 φύλλων
1662 864 1744 914 τῆς
1782 875 1865 901 κυ-

176 912 419 971 παρίσσου.
480 920 616 958 τοῦτο
663 915 790 958 ποιέι
834 909 911 958 ἐπὶ
953 912 1129 972 ἡμέρας
1166 915 1241 970 θ’,
1289 914 1407 959 οὕτω
1455 914 1614 973 μέντοι
1661 916 1773 961 ὥστε
1813 931 1861 961 σε

177 971 294 1017 καθ’
329 971 509 1030 ἡμέραν
539 973 841 1030 θεραπεύειν.

299 1032 392 1076 262
423 1032 480 1077 Η
509 1036 593 1076 163
625 1032 742 1088 πρὸς
771 1031 950 1089 νεύρων
981 1031 1235 1088 παχύτητα.
1290 1030 1350 1076 Μ
1381 1038 1436 1077 32
1471 1032 1595 1091 ρμγ’.

298 1091 393 1135 263
425 1091 482 1134 Η
510 1096 593 1136 163
627 1090 751 1135 ἄλλο.
786 1087 870 1134 ἐὰν
896 1090 1131 1148 φλεγμονὴ
1164 1090 1353 1147 περὶτὰ
1377 1090 1512 1149 σκέλη
1544 1091 1573 1148 ἢ
1605 1093 1663 1137 τὰ
1685 1092 1862 1150 γόνατα

180 1148 373 1206 γένηται
404 1149 498 1193 ἀπὸ
531 1157 711 1207 μακρᾶς
742 1150 855 1194 ὁδοῦ
888 1148 916 1205 ἢ
943 1149 1119 1207 δρόμου
1150 1153 1336 1204 πολλοῦ,
1369 1151 1675 1211 συμβάλλεται
1699 1157 1863 1209 ψυχρῷ

107 1220 111 1222 ·
178 1208 319 1253 «ὕδατι
358 1208 416 1252 τὰ
455 1211 801 1272 φλεγμαίνοντα
840 1207 954 1266 μέρη
995 1213 1268 1253 καταντλεῖν
1307 1207 1335 1265 ἢ
1377 1208 1442 1261 εἰς
1479 1211 1691 1268 ποταμὸν
1729 1227 1758 1266 η
1799 1211 1864 1262 εἰς

186 1265 379 1326 ῥεῖθρον
413 1265 616 1324 εἰσάγειν
648 1268 730 1311 καὶ
761 1269 1024 1312 ἀναπατεῖν
1062 1264 1209 1312 ἐκεῖσε
1248 1274 1425 1325 ποιεῖν,
1460 1268 1619 1314 ἔπειτα
1658 1269 1862 1327 σπόγγον

181 1327 296 1385 μετὰ
334 1325 537 1384 λασάρου
577 1327 658 1371 καὶ
697 1327 831 1381 ὄξους
869 1326 950 1371 καὶ
990 1325 1090 1381 ἰξοῦ
1130 1327 1211 1371 καὶ
1250 1329 1380 1372 οἴνου
1426 1327 1743 1385 ἀφηψημένου
1782 1329 1864 1373 καὶ

187 1387 438 1443 ἀξουγγίου
469 1384 767 1443 προσφέρειν.
832 1388 890 1430 M
923 1391 978 1430 32
1013 1386 1122 1443 ρμδ’
1156 1386 1335 1443 ὁμοίως.
1410 1385 1455 1431 εἰ
1482 1387 1534 1432 δὲ
1566 1388 1660 1432 ἀπὸ
1693 1404 1867 1445 μακρο-

181 1447 314 1497 οδίας
344 1447 437 1490 κτλ.
518 1459 659 1503 supra,
681 1449 768 1490 200
799 1446 907 1489 sunt
934 1445 1152 1503 spongiae
1181 1459 1236 1491 ea:
1274 1447 1413 1491 lasere
1444 1446 1694 1505 Cyrenaico
1723 1460 1867 1493 maee-

187 1510 316 1550 ratae
348 1505 480 1561 (Veg.
505 1504 570 1548 III
594 1510 667 1561 48,
693 1510 718 1548 3
749 1506 987 1561 sporiyiam
1018 1518 1121 1549 cum
1151 1509 1273 1549 aceto
1304 1510 1345 1549 et
1375 1507 1515 1550 lasere
1545 1507 1774 1563 imponis).

304 1562 399 1608 264
430 1563 648 1608 similiter
680 1564 793 1620 Veg.
819 1563 885 1606 ΙΙΙ
910 1567 980 1617 58,
1005 1568 1031 1607 2
1072 1565 1177 1608 item
1214 1565 1422 1609 subtritis
1454 1565 1647 1622 pedibus
1678 1566 1864 1621 prodest

188 1622 300 1683 (si)
314 1624 437 1679 picis
462 1624 663 1679 liquidae
691 1623 917 1677 selibram,
941 1623 1057 1667 aceti
1085 1623 1324 1677 heminam,
1355 1625 1467 1668 salis
1483 1625 1661 1677 libram,
1679 1625 1866 1668 hederae

186 1684 313 1737 foliis
358 1686 581 1739 quantum
623 1682 797 1736 sufficit
827 1682 1010 1737 pariter
1047 1682 1304 1736 contundis,
1350 1688 1392 1726 et
1430 1683 1662 1731 laboranti
1700 1684 1863 1728 cotidie

177 1743 312 1798 pedes
341 1754 573 1797 peruriyes.

301 1799 394 1844 265
426 1800 482 1843 Η
509 1804 563 1844 82
597 1799 898 1855 Πελαγωνιόυ
929 1798 1045 1855 πρὸς
1075 1797 1303 1855 τράχηλον
1335 1798 1646 1856 κεκλασμένον
1679 1801 1866 1854 (κεκαυ-

183 1856 372 1915 μένονῖ)
419 1857 447 1913 ἢ
496 1856 666 1908 σκέλος.
738 1859 800 1901 Μ
843 1862 899 1901 30
944 1857 1047 1915 ρκγ’
1096 1859 1397 1914 Πελαγωνίου
1443 1858 1559 1915 πρὸς
1612 1858 1867 1916 τραχήλους

181 1916 520 1975 κεκλασμένους
549 1914 578 1972 ἢ
611 1914 761 1972 σκέλη.

303 1976 410 2020 alii
441 1975 704 2033 capitula
735 1975 836 2034 [-]
860 1974 945 2033 III]
988 1974 1187 2019 fortasse
1226 1975 1398 2019 rectius
1436 1975 1665 2033 interpres
1704 1976 1867 2033 σκορό-

182 2037 278 2080 δων
309 2038 527 2092 κεφαλῶν
560 2036 750 2092 οὐγκίας
781 2033 882 2089 δύο,
914 2035 969 2077 1113
990 2033 1330 2078 restituendum
1357 2035 1419 2078 sit
1443 2035 1529 2079 alii
1558 2037 1865 2092 capitulorum

186 2095 322 2150 -113
355 2094 412 2140 cf.
437 2096 602 2139 tamen
636 2099 719 2138 147
753 2094 839 2138 alii
869 2093 1078 2148 capitula
1108 2093 1214 2146 dim,
1245 2096 1329 2136 231
1364 2094 1450 2138 alii
1481 2095 1689 2150 capitula
1719 2096 1827 2140 tria.

302 2154 397 2198 266
429 2154 492 2197 M
519 2157 600 2197 147
635 2152 789 2214 αρπθ’
832 2151 948 2209 πρὸς
987 2151 1294 2208 ὀρθοκοίλους
1334 2151 1648 2208 (ὀρθοκώλους
1679 2153 1866 2209 Miller).

186 2213 339 2268 periit.
394 2212 532 2257 aliter
562 2213 620 2255 de
654 2210 874 2255 iumentis
910 2209 1165 2254 orthocolis
1197 2211 1315 2266 Veg.
1340 2210 1405 2252 III
1430 2216 1486 2255 54
1512 2212 1586 2267 (of.
1613 2211 1754 2268 Hipp.
1780 2216 1866 2256 262

186 2270 324 2327 ὅμοια
354 2275 451 2321 τοῖς
482 2270 776 2328 ὀρθοκοίλοις
806 2267 834 2323 ἢ
871 2268 1125 2318 πασσάλοις
1156 2266 1452 2325 λεγομένοις).

307 2329 417 2386 Cap.
440 2329 583 2373 XVII.
625 2332 860 2373 267—270
887 2327 946 2370 ab
969 2328 1169 2384 Apsyrto
1186 2326 1325 2383 Hipp.
1341 2343 1386 2384 p.
1408 2333 1491 2373 119
1510 2343 1600 2384 seq.
1626 2329 1867 2374 mutuatus

189 2390 260 2432 est
290 2389 372 2445 (M
398 2393 454 2432 55
486 2387 616 2444 τις’).
663 2387 965 2443 Πελαγωνίου
989 2385 1105 2443 πρὸς
1129 2385 1517 2438 ὀπισθοτονικούς
1538 2401 1632 2431 non
1657 2387 1869 2431 omnibus

188 2448 400 2504 partibus
429 2448 617 2504 integra
648 2448 810 2490 extant.
839 2446 896 2489 H
923 2449 1171 2501 126-128,
1204 2446 1373 2490 desunt
1401 2446 1451 2489 in
1475 2446 1543 2490 M.
1583 2445 1643 2489 ab
1667 2445 1868 2503 Apsyrto

188 2507 361 2563 pendet
391 2505 627 2550 Hierocles
658 2504 798 2562 Hipp.
824 2519 867 2560 p.
898 2509 980 2547 121
1008 2518 1074 2559 sq.

307 2565 397 2610 267
442 2564 558 2622 Veg.
583 2565 624 2609 V
649 2569 729 2619 46,
757 2570 779 2608 1
820 2563 1008 2607 brevius
1041 2562 1176 2620 signa
1205 2562 1403 2608 iumenti
1435 2563 1770 2620 opisthotonici
1799 2577 1867 2607 re-

187 2626 359 2668 censet.

305 2683 367 2726 ut
396 2696 616 2740 ungues
647 2681 838 2738 rigore
869 2681 994 2737 ipso
1026 2680 1243 2739 trahat]
1277 2680 1389 2725 ὥστε
1413 2681 1520 2731 τοὺς
1550 2679 1720 2736 ὄνυχας
1752 2679 1869 2723 ἀπο-
1912 2713 1914 2715 ,

192 2739 314 2794 ξέειν
353 2741 580 2798 interpres
620 2744 806 2785 vertens
845 2742 1007 2795 radat,
1054 2740 1134 2784 sed
1172 2739 1401 2796 Apsyrtos
1433 2755 1478 2795 p.
1506 2738 1710 2783 119’καὶ
1740 2753 1870 2794 περι-

189 2806 349 2843 πατῶν
380 2805 475 2851 τοῖς
506 2800 742 2850 ὀπισθίοις
773 2797 979 2843 σκέλεσιν
1008 2799 1310 2857 ὑπερβαίνειν
1335 2798 1572 2852 ἀδυνατεῖ,
1605 2796 1720 2840 ἀλλὰ
1752 2798 1869 2841 ἀπο-

191 2856 443 2915 τεταμένας
474 2854 682 2915 ἐπισύρει
712 2857 794 2909 τὰς
826 2857 983 2908 ὁπλάς.

309 2917 403 2961 268
441 2919 556 2974 Veg.
581 2918 619 2962 V
646 2922 717 2972 46,
742 2922 885 2961 2-11
919 2916 1112 2960 mutatis
1144 2930 1237 2960 non
1268 2915 1444 2972 paucis,
