2060 3232
29 0 55 87 *ἐξ*

852 96 1252 178 —201÷

207 224 455 281 Apsyrtus,
479 223 733 280 Hierocles,
749 197 1074 287 Hippocrates,
1090 225 1427 271 Theomnestus
1453 231 1599 283 agunt
1621 219 1760 287 Hipp.
1786 235 1886 276 222.

207 288 294 328 272
328 284 411 342 (Μ
439 285 528 339 80).
591 282 802 328 confusio
840 283 1093 329 manifesta
1129 284 1268 342 Hipp.
1294 290 1379 330 272
1419 286 1693 332 foli0.ma1e
1732 289 1886 335 insuto

207 343 346 388 facile
379 341 651 400 explicatur.
692 355 751 387 ea,
780 341 903 386 enim
934 356 1054 398 quae
1085 343 1308 399 leguntur
1344 358 1390 400 p.
1416 348 1500 388 272
1541 346 1648 390 inde
1680 361 1709 391 a
1745 363 1888 392 κοιτα-
1973 374 1975 377 .

210 406 340 446 νοεῖν
373 403 434 458 (v.
454 403 527 458 18)
551 413 699 456 usque
722 399 783 445 ad
806 400 1099 446 κατάπλασσε
1124 404 1183 458 (v.
1211 403 1288 458 33)
1318 401 1563 447 inserenda
1595 406 1701 448 sunt
1724 421 1768 462 p.
1786 412 1888 463 223,

207 460 289 504 ubi
319 461 427 517 post
449 459 680 504 Hieroclis
710 459 971 504 remedium
999 459 1215 515 (εἰώθασι
1248 459 1435 520 βδέλλαι
1465 476 1611 517 usque
1650 463 1731 507 καὶ
1762 460 1888 509 ἐκλέ-

203 535 307 575 γειν
345 517 505 575 αὐτας)
539 519 814 563 exciderunt
843 519 962 564 haec
1001 520 1209 566 extantia
1247 522 1297 563 in
1329 520 1430 566 cod.
1471 521 1531 566 P:
1576 521 1886 576 Θεομνήστου.

208 575 404 637 βδέλλαν
445 573 496 621 ἐν
541 577 680 622 ὕδατι
718 573 803 624 ἐὰν
833 579 919 637 πίῃ
959 579 1099 630 ἵππος
1137 577 1165 634 ἢ
1206 578 1315 623 ἄλλο
1355 579 1620 636 ὑποζύγιον,
1659 579 1887 638 ὕδραιμον

206 638 350 681 αὐτοῦ
373 635 570 694 ’φέρεται
593 637 687 681 ἀπὸ
711 643 792 681 τοῦ
818 637 1054 695 στόματος,
1087 637 1169 682 ἐὰν
1193 644 1274 694 τῆς
1296 638 1498 695 γλώσσης
1526 640 1669 683 αὐτοῦ
1695 639 1887 696 ἅψηται.

205 697 288 740 δεῖ
325 693 444 754 οὖνΙ
479 701 728 740 κατανοεῖν
776 697 858 740 καὶ
907 692 1235 754 ἐκκομίζεσθαι
1280 700 1373 741 κτλ.
1416 700 1476 754 (p.
1503 700 1623 754 272).
1671 699 1887 744 similiter

205 755 270 799 M
294 753 351 800 80
384 755 514 811 φλα’.
555 755 800 811 Pelagonii
836 768 1008 801 nomen
1043 769 1273 811 nusquam
1318 759 1529 813 apparet.
1591 757 1691 800 fieri
1731 760 1887 802 autem

207 816 366 871 potest
394 817 448 858 ut
477 815 555 858 hic
586 812 762 858 Colum.
786 813 852 858 VI
876 829 915 860 c.
943 820 996 860 18
1029 813 1349 872 exscripserit,
1379 815 1462 860 ubi
1492 816 1541 860 in
1580 816 1708 860 calce
1746 817 1885 861 haec:

208 874 292 918 has
332 871 582 918 medicinas
627 874 833 930 quamvis
879 874 1024 919 bubus
1070 874 1352 919 adhibendas
1390 876 1719 931 praeceperim,
1762 889 1889 932 posse

205 937 355 977 tamen
385 946 440 977 ex
468 932 541 977 his
563 933 772 988 plurima
803 933 939 977 etiam
970 934 1094 977 omni
1123 934 1292 978 maiori
1315 934 1474 990 pecori
1504 935 1739 978 convenire
1768 936 1888 979 nihil

205 991 395 1036 dubium
425 996 502 1036 est.
557 990 614 1035 cf.
639 989 754 1048 Veg.
781 990 847 1035 IV
870 996 940 1036 24.
991 991 1130 1049 Hipp.
1156 996 1244 1036 272
1283 992 1399 1049 πρὸς
1446 990 1637 1051 βδέλλας
1673 996 1887 1048 κεκολλη-

206 1048 350 1107 μένας
390 1053 452 1108 τῷ
500 1046 703 1106 στόματι.
771 1049 926 1107 κόρεις
970 1048 1110 1095 πέντε
1155 1049 1336 1101 θλάσας
1375 1054 1467 1095 κτλ.
1495 1073 1550 1088 =
1578 1053 1640 1095 M
1667 1055 1724 1095 80
1758 1051 1884 1108 φκζ.

192 1110 269 1153 ’M
297 1113 353 1153 80
385 1108 510 1164 φκθ’
545 1108 668 1153 ἄλλο,
732 1104 816 1153 ἐὰν
850 1108 1045 1168 βδέλλαν
1077 1111 1284 1168 καταπίῃ
1316 1113 1408 1155 κτλ.

324 1167 416 1213 501
456 1168 698 1224 praecedit·
727 1169 776 1211 in
809 1169 872 1212 M
893 1173 949 1213 33
974 1170 1274 1226 Πελαγωνίου
1298 1170 1414 1225 πρὸς
1437 1169 1543 1219 τοὺς
1566 1168 1659 1212 ἀπὸ
1692 1166 1887 1213 αἰδοίων

206 1226 328 1271 πύον
383 1224 615 1283 φέροντας
668 1228 806 1284 (205).
890 1229 948 1272 de
1003 1229 1166 1273 eodem
1221 1228 1498 1284 argumento
1553 1228 1610 1272 cf.
1658 1229 1886 1286 Apsyrtus

202 1285 344 1342 Hipp.
370 1290 543 1341 9.,154,
573 1285 815 1331 Hierocles
838 1302 886 1343 p.
914 1291 1011 1332 192.
1309 1297 1314 1302 ·

323 1344 656 1403 κρητάριον]
691 1347 820 1389 creta.
859 1347 930 1390 est
966 1347 1021 1390 ut
1059 1360 1200 1403 supra
1238 1349 1308 1390 58.
1372 1346 1500 1389 creta
1538 1359 1642 1389 cum
1683 1346 1885 1390 stercore

200 1403 377 1448 bubulo
410 1406 458 1448 et
486 1404 670 1460 cymino
700 1404 824 1449 redit
855 1408 924 1448 15.

208 1512 212 1516 ⁴
319 1462 414 1507 502
429 1461 650 1507 Eumelus
664 1463 869 1520 potionis
893 1464 1056 1522 auctor
1079 1464 1151 1508 est
1173 1464 1231 1507 H
1251 1468 1331 1507 142
1350 1464 1424 1521 (=
1445 1465 1502 1507 M
1522 1462 1750 1519 104ψλγ’)
1772 1462 1883 1507 ἄλλο

202 1520 422 1583 Εὐμήλου
456 1520 522 1572 εἰς
550 1522 603 1566 τὸ
634 1521 749 1566 αὐτό
783 1522 1021 1580 (Εὐμήλου
1052 1523 1169 1580 πρὸς
1197 1521 1453 1579 τερηδόνας
1485 1523 1578 1578 Μ).
1638 1517 1722 1565 ἐὰν
1753 1537 1886 1579 τερη-
1949 1524 1952 1528 ’

204 1580 349 1632 δόνας
378 1580 585 1626 τουτέστι
615 1582 810 1632 λεπτοὺς
840 1582 1077 1638 σκώληκας
1108 1578 1205 1640 ἔχῃ,
1238 1583 1418 1639 φρίττει
1447 1588 1544 1625 πᾶν
1575 1580 1626 1625 τὸ
1652 1587 1784 1637 σῶμα.
1803 1580 1884 1624 καὶ

202 1641 436 1698 κνησμοὺς
467 1638 575 1697 ἔχει.
637 1638 968 1697 χαμαιλέοντος
1006 1638 1091 1685 οὖν
1131 1639 1276 1699 ῥίζαν
1303 1639 1368 1691 εἰς
1405 1639 1529 1696 ὕδωρ
1569 1639 1886 1695 ἀποτριτώσας

200 1699 281 1743 καὶ
307 1700 448 1756 μίξας
479 1699 782 1750 ὀποποὲνακος
813 1708 866 1756 γό
899 1700 944 1759 β’
979 1699 1061 1744 καὶ
1093 1701 1223 1744 οἴνου
1256 1698 1416 1754 ξέστου
1447 1699 1499 1743 τὸ
1523 1697 1662 1755 ἥμισυ
1695 1698 1777 1742 διὰ
1798 1704 1881 1742 τοῦ

203 1759 447 1815 ἀριστεροῦ
479 1765 708 1815 μυκτῆρος
734 1754 916 1818 ἔμβαλε.
962 1759 1078 1815 Veg.
1104 1759 1147 1802 II
1173 1763 1243 1814 17,
1267 1764 1296 1802 4
1327 1759 1389 1803 ad
1412 1772 1556 1804 cosso-s*
1578 1763 1620 1803 ct
1644 1758 1898 1803 lumbricos·

203 1819 417 1875 specialis
439 1820 584 1875 potio.
644 1819 807 1863 herbae
837 1819 1183 1863 chamaeleontis
1212 1818 1414 1863 radicem
1451 1831 1506 1862 ex
1544 1831 1667 1873 aqua
1705 1817 1767 1861 ad
1791 1821 1884 1861 ter·

203 1878 318 1921 tiam
349 1877 562 1934 decoques
592 1881 634 1921 et
664 1890 766 1922 cum
795 1878 1079 1933 opopanacis
1109 1878 1288 1922 duabus
1327 1877 1479 1921 unciis
1515 1877 1671 1921 misces
1701 1888 1755 1920 ac
1784 1875 1884 1920 vini
1913 1902 1942 1929 ‚-

201 1936 382 1981 hemina
415 1940 455 1979 et
485 1936 549 1980 ad
578 1948 721 1980 cornu
746 1950 832 1993 per
862 1937 1098 1981 sinistram
1128 1949 1287 1981 narem
1316 1935 1543 1989 infundis.
1760 1978 1762 1980 .

304 1993 548 2051 ’503·τὴν
580 1991 742 2051 §igar
774 2001 870 2039 τοῦ
903 1994 1100 2053 μόρου]
1132 1995 1297 2038 eadem
1327 1992 1578 2038 adhibetur
1605 1997 1685 2044 107
1712 1993 1761 2037 eb
1783 1995 1884 2036 205.

200 2050 326 2109 quod
357 2053 407 2097 in
439 2053 496 2098 H
523 2054 732 2108 sequitur
761 2060 843 2098 τοῦ
869 2054 1014 2110 αὐτοῦ
1045 2053 1152 2110 περὶ
1192 2056 1407 2110 φθειρῶν
1444 2051 1496 2095 in
1530 2053 1575 2095 P
1612 2050 1887 2108 adsignatur

201 2111 424 2168 Hierocli,
454 2113 504 2156 in
534 2112 598 2157 M
621 2112 823 2169 Apsyrto
864 2117 968 2170 (103
1000 2112 1118 2172 ψκβ’
1147 2110 1371 2169 Ἀψύρτου
1409 2111 1518 2168 περὶ
1557 2108 1883 2166 φθειριάσεως.
1924 2174 1927 2177 ι
1954 2148 1959 2153 .

202 2166 287 2215 ἐὰν
319 2170 371 2215 δὲ
404 2174 610 2228 φθεῖρας
639 2173 767 2228 κτλ.).
1802 2220 1810 2228 ι
1898 2197 1902 2201 -

324 2230 419 2274 504
463 2231 579 2286 Veg.
605 2229 650 2273 II
676 2235 748 2287 17,
772 2234 798 2274 5
837 2231 942 2276 item
973 2231 1071 2275 alia
1102 2230 1164 2275 ad
1195 2230 1436 2275 lumbricos
1475 2227 1732 2285 (praecedit
1761 2226 1882 2282 502).

201 2290 386 2333 seminis
416 2290 654 2334 coriandri
674 2294 904 2346 quantum
934 2303 1031 2334 una
1061 2303 1225 2334 manus
1263 2289 1429 2346 ceperit
1465 2288 1604 2345 friges
1613 2320 1628 2342 ‚
1658 2285 1887 2330 nasturcii

206 2361 379 2405 quoque
423 2348 609 2392 seminis
646 2349 914 2393 tantundem
951 2349 1192 2405 diligenter
1229 2352 1363 2402 teres,
1403 2360 1518 2403 quae
1554 2351 1747 2402 utraque
1786 2357 1887 2389 cum

205 2420 328 2464 aqua
357 2408 513 2462 tepida
541 2420 627 2462 per
656 2409 863 2453 triduum
892 2408 1107 2460 faucibus
1135 2407 1365 2462 infundes.
1436 2460 1439 2462 ,
1879 2451 1881 2453 ,

323 2465 419 2511 505
459 2466 554 2510 506
593 2466 739 2522 capiti
769 2465 990 2510 XXXIIII
1021 2467 1079 2510 de
1118 2464 1322 2510 verrucis
1360 2463 1538 2509 trib'uo.
1585 2462 1635 2506 in
1666 2457 1729 2507 Μ
1751 2474 1883 2519 prae«

205 2525 378 2570 cedunt
423 2523 542 2585 ᾳπη’
592 2524 811 2581 Εὐμήλου
857 2525 974 2582 πρὸς
1019 2525 1170 2569 νώτου
1207 2525 1522 2582 παρακίνησιν
1561 2522 1736 2578 (Pela-g.
1772 2520 1886 2576 171),
1954 2572 1961 2577 ,

176 2598 178 2600 ·
206 2583 337 2644 ᾳπθ’
371 2584 487 2642 πρὸς
518 2584 748 2638 κορδύλας
786 2580 898 2640 ἆραι
930 2586 1005 2641 (---
1031 2585 1088 2628 Η
1106 2585 1234 2641 302),
1273 2583 1483 2639 sequitur
1521 2579 1634 2642 chfi‘
1668 2577 1886 2636 Εὐμήλου

199 2643 318 2700 πρὸς
347 2643 399 2687 τὸ
431 2641 709 2688 ἀποθέσθαι
748 2645 840 2697 ζῶα
878 2642 963 2699 τὴν
1003 2642 1360 2700 ἀγριότητα,(Η
1385 2643 1504 2696 302).
1566 2641 1704 2682 breve
1745 2636 1887 2693 capue

203 2702 262 2744 de
302 2703 506 2746 verrucis
549 2701 661 2760 Veg.
692 2703 727 2747 V
756 2707 826 2746 16.
895 2702 1004 2759 περὶ
1041 2708 1312 2759 μυρμηκιῶν
1340 2700 1431 2749 ,καὶ
1470 2704 1621 2743 συκῶν
1661 2696 1886 2753 Apsyrtus

206 2762 256 2803 et
285 2760 695 2818 Hierocles‘Hipp.
719 2775 764 2817 p.
790 2765 876 2805 211
903 2775 997 2817 seq.
1764 2812 1774 2821 ‚

323 2818 415 2864 507
448 2819 581 2876 potio
615 2821 771 2864 estad.
794 2819 1161 2874 farciminosum,
1187 2819 1244 2863 cf.
1271 2822 1370 2862 448.
1398 2821 1498 2860 449.
1518 2818 1617 2860 451.
1635 2818 1735 2858 452.
1760 2826 1810 2856 m
1828 2812 1887 2856 M

204 2879 421 2922 secuntur
451 2881 538 2922 449
572 2877 693 2935 (ξζ’),
725 2883 812 2931 452
836 2877 956 2934 ·(ξη’.
990 2877 1110 2934 ξθ’).
