2060 3232
115 274 211 319 264
338 271 470 321 Item
520 271 825 321 medicamen
880 272 944 321 ad
989 272 1137 335 pedes
1192 271 1443 321 subtritos.
1516 271 1641 334 picis
1686 271 1908 334 liquidae

231 345 392 411 selib.,
424 346 660 394 aluminis
692 346 843 410 selib.,
875 346 1084 394 hederae
1122 346 1245 394 folia
1270 343 1418 409 'quod
1457 345 1662 394 sufficit:
1702 347 1910 394 contun-

228 420 332 470 dito
373 420 539 470 omnia
577 420 728 468 simul
773 422 824 468 et
862 435 990 482 equo
1029 419 1279 468 laboranti
1325 418 1505 468 cotidie
1542 419 1691 482 pedes
1729 435 1910 482 perun-

225 494 346 558 gito.
410 494 657 557 optimum
694 494 864 541 ferunt
900 493 1328 542 medicamentum.
2039 533 2054 546 v.

113 569 207 616 265
336 567 417 616 Ad
440 569 568 616 colla
593 567 921 631 deflagrantia
946 569 1036 615 aut
1053 567 1117 614 ad
1140 566 1455 630 suffragines:
1488 565 1735 629 axungiae
1751 591 1825 599 —
1840 566 1905 629 Π,
1953 576 1974 610 5

223 657 363 690 cerae
403 641 509 705 lib.,
543 640 779 689 aluminis
805 637 921 702 [—]
959 641 1249 704 sextantem,
1291 639 1380 687 alii
1415 639 1639 701 capitula
1665 637 1783 700 [—]
1809 639 1909 687 HI:
2030 635 2044 666 ’-

223 715 441 764 contrita
481 715 629 763 simul
667 715 720 761 in
759 713 967 762 caccabo
1008 714 1367 776 decoquuntur.

112 789 209 842 266
335 788 416 836 Ad
456 788 769 851 orthocyllos.
835 787 1099 850 orthocylli
1142 789 1272 851 sunt,
1314 786 1496 849 quibus
1533 786 1683 849 pedes
1721 786 1910 849 priores

223 863 376 924 pandi
430 862 619 911 fuerint
667 863 941 910 introrsum
995 862 1167 910 contra
1219 862 1444 910 ventrem
1487 860 1693 924 ungulis
1747 859 1907 909 tortis.

225 937 475 1000 axungiae
544 936 627 984 lib.
684 936 764 1000 II,
834 936 1030 984 malvae
1096 934 1335 983 erraticae
1413 934 1495 982 lib.
1563 934 1735 997 coquis
1796 950 1910 983 cum
1935 945 1977 977 10

221 1025 373 1071 posca
411 1012 461 1058 et
498 1010 745 1059 fomentas
785 1009 1075 1058 diutissime.
1118 1008 1387 1073 axungiam
1424 1008 1599 1057 misces
1639 1010 1689 1057 et
1722 1007 1790 1057 sic
1830 1024 1908 1056 ca-

221 1084 508 1145 taplasmas.

598 1335 603 1338 .
654 1273 811 1321 XVII.
874 1271 1170 1321 PAPIANo
1214 1271 1339 1322 svo
1379 1272 1494 1320 AIT

609 1375 698 1423 Ad
745 1376 1196 1442 opisthotonOS,
1245 1374 1331 1438 Ap
1345 1375 1513 1438 syrti.

108 1473 199 1519 267
332 1478 787 1544 Diligentissimum
825 1479 1124 1528 nutritorem
1163 1495 1407 1542 equorum
1446 1480 1561 1528 ante
1610 1477 1776 1527 omnia
1813 1478 1906 1527 hoc
1933 1488 1974 1522 15

220 1553 403 1602 vitium
458 1555 508 1601 et
562 1553 691 1601 hanc
744 1552 1086 1602 infirmitatem
1141 1553 1399 1603 observare
1454 1551 1696 1602 convenit.
1758 1551 1909 1600 multi

221 1627 354 1675 enim
402 1627 460 1675 de
512 1626 843 1689 opisthotonis
897 1628 1060 1675 multa
1106 1627 1338 1676 dixerunt
1382 1627 1677 1690 nescientes,
1726 1625 1908 1688 quibus

220 1718 280 1749 ex
318 1701 481 1749 causis
522 1700 830 1762 opisthotoni
868 1701 1006 1765 fiant,
1044 1717 1133 1749 nec
1171 1701 1519 1764 intellegentes
1558 1700 1702 1764 signa
1748 1699 1907 1763 aegri-

219 1774 411 1822 tudinis
467 1774 639 1836 qualia
679 1777 808 1822 sunt.
880 1775 1015 1837 quod
1066 1790 1156 1823 nos
1204 1775 1365 1823 multo
1411 1774 1582 1823 labore
1629 1773 1906 1821 diutissime

221 1849 365 1912 signa
402 1847 564 1896 morbi
601 1848 755 1896 huius
796 1848 1079 1911 quaerendo
1110 1848 1405 1897 invenimus.
1448 1864 1576 1910 quae
1609 1849 1727 1896 sunt
1764 1847 1903 1895 talia.
1930 1858 1973 1890 20

220 1922 409 1970 collum
438 1922 697 1970 extensum
728 1924 803 1970 est
834 1938 923 1970 nec
954 1922 1207 1971 incurvari
1237 1923 1416 1985 potest,
1449 1923 1603 1984 caput
1633 1937 1733 1970 non
1765 1921 1904 1969 dissi-

219 1995 352 2058 mile,
393 2011 537 2043 aures
575 1995 766 2059 rigidae
806 2012 895 2044 nec
925 1995 1057 2044 flecti
1094 1997 1318 2059 possunt,
1360 1995 1491 2044 oculi
1522 1995 1751 2058 minores,
1793 2009 1905 2043 ossa

219 2069 272 2116 in
316 2069 443 2117 facie
481 2069 562 2118 vel
600 2069 746 2131 pellis
799 2069 909 2131 ipsa
955 2071 1097 2118 tensa
1152 2071 1202 2117 et
1253 2068 1437 2134 rigida,
1492 2068 1633 2116 labra
1680 2068 1902 2130 adaeque

218 2142 408 2206 gravia,
447 2158 537 2191 nec
576 2143 767 2205 aperire
808 2158 862 2191 os
902 2145 992 2191 aut
1031 2143 1233 2192 oscitari
1263 2144 1443 2207 potest,
1484 2142 1569 2191 sed
1606 2158 1695 2190 nec
1726 2143 1904 2204 potum

220 2218 311 2264 aut
349 2216 516 2264 cibum
555 2216 709 2264 sumit
747 2217 962 2266 civiliter
1000 2219 1050 2265 et
1089 2217 1249 2265 cauda
1294 2217 1452 2279 ipsius
1499 2217 1662 2265 erecta
1701 2217 1776 2264 est
1814 2231 1902 2264 nec
1928 2232 1970 2265 25

219 2306 269 2338 se
308 2290 569 2339 incurvare
607 2293 775 2352 potest
813 2293 905 2338 aut
943 2290 1003 2339 de
1041 2291 1197 2339 latere
1236 2290 1492 2354 inspicere,
1532 2304 1730 2354 gressus
1768 2289 1902 2351 ipsos

217 2363 322 2411 sine
369 2363 632 2425 disciplina
677 2364 841 2427 ponit,
890 2364 1038 2426 pedes
1084 2364 1382 2427 posteriores
1434 2363 1683 2426 prioribus
1731 2378 1902 2424 super-

216 2436 431 2499 imponit
470 2436 538 2485 sic
576 2438 637 2484 ut
680 2453 875 2501 ungues
921 2438 1084 2501 rigore
1130 2438 1238 2499 ipso
1288 2438 1479 2502 trahat,
1526 2437 1714 2499 priores
1752 2436 1901 2498 pedes

335 2641 359 2680 1
391 2633 700 2680 medicamine
723 2636 740 2691 ss
763 2639 788 2679 2
820 2635 994 2680 hedere
1016 2637 1033 2693 ΙΙ
1057 2640 1082 2679 5
1116 2635 1428 2692 defraglantia
1449 2636 1465 2692 ΙΙ
1501 2640 1527 2679 6
1559 2634 1661 2680 allii
1693 2636 1701 2693 Ι
1737 2634 1900 2692 σκορό-

216 2696 311 2740 δων
343 2698 561 2752 κεφαλῶν
586 2694 775 2752 οὐγγίας
800 2693 846 2754 β’
865 2694 924 2738 Η
972 2694 1209 2751 σκορόδων
1224 2697 1443 2751 κεφαλῶν
1475 2695 1666 2750 οὐγκιάς
1696 2694 1781 2739 δύο
1814 2695 1860 2739 Ρ
1885 2695 1901 2752 {l

215 2759 242 2798 8
296 2754 625 2812 horthogyllos
681 2752 935 2810 orthogylli
988 2756 1005 2810 ΙΙ
1058 2757 1084 2797 9
1140 2754 1301 2824 pandi]
1357 2753 1521 2811 spandi
1574 2753 1621 2798 R
1690 2753 1897 2811 spanditi

215 2828 375 2873 δατ-σὴ.
399 2830 416 2886 ΙΙ
450 2832 505 2871 14
536 2826 730 2885 Absyrti
759 2829 774 2885 ΙΙ
808 2831 862 2871 15
896 2827 1239 2920 omnfflstssffi?
1274 2829 1290 2884 11
1330 2832 1383 2872 18
1429 2826 1748 2884 intelligentes
1786 2829 1801 2885 ΙΙ
1840 2832 1897 2872 24

216 2944 266 2975 os
297 2932 380 2976 aut
411 2931 621 2991 oscitari]
655 2945 705 2977 os
745 2932 826 2976 aut
864 2931 938 2976 R1
1008 2945 1059 2975 os
1078 2932 1161 2974 aut
1186 2956 1240 2963 —
1265 2930 1529 2976 Politianus
