2060 3232
715 150 722 157 .
843 107 907 114 -
989 76 1097 129 202
1174 107 1244 114 -

321 205 415 251 508
457 207 539 250 aab
561 205 771 250 eiusdem
798 219 885 263 cap
887 205 967 250 itis
981 179 1154 250 XXXV
1171 207 1244 251 est
1267 207 1351 251 aut
1375 205 1546 280 eapitis
1571 207 1607 252 Ι.·
1631 208 1885 263 posteriore

202 265 307 309 loco
342 265 405 308 M
431 265 633 310 collocat,
662 264 787 310 inter
824 265 1124 322 Hippocratis
1161 264 1270 322 περὶ
1307 264 1580 322 νοσημάτων
1621 269 1762 322 caput
1801 266 1887 311 134

46 307 50 311 ⁵
114 348 118 351 -
204 323 337 385 φιξη’9
369 324 492 379 quod
524 324 657 369 deest
686 325 736 368 in
767 323 926 381 Hipp.,
959 326 1008 369 ei:
1037 324 1196 398 Pelag.
1222 329 1308 369 451
1343 325 1417 381 (H
1444 325 1563 382 300),
1595 323 1750 391 priore
1782 325 1885 370 loco

200 369 489 439 praecedunt
519 387 618 428 507.
645 387 745 428 449.
782 387 868 427 452
911 385 984 440 (22
1017 382 1091 437 ξς’
1111 383 1271 439 -ο’),
1316 383 1525 439 sequitur
1563 382 1754 440 Apsyrti
1790 390 1888 435 πῶς

203 443 297 486 δεῖ
307 442 460 486 καίεὶν
492 441 574 485 καὶ
603 441 720 486 πότε
748 442 823 497 (Η
848 447 967 498 228).
1030 442 1253 499 Vegetius
1287 443 1478 486 eandem
1511 443 1753 498 potionem
1783 443 1885 486 fuse

203 503 390 545 enarrat
411 501 455 544 ΙΙ
478 506 549 556 28,
577 505 749 544 16-19
782 506 846 546 est
876 507 918 546 et
948 502 1046 546 alia
1076 502 1382 558 sumptuosior
1404 502 1584 558 quidem
1612 503 1690 546 sed
1714 515 1886 547 accom-

164 593 167 596 -
203 561 429 604 modatior
461 561 606 615 potio,
638 573 751 616 quae
782 565 824 605 et
855 561 1052 604 celeriter
1081 560 1226 615 reficit
1265 564 1306 604 et
1337 573 1438 604 cum
1469 561 1743 605 intrinsecus
1767 575 1884 617 pur-

201 619 390 675 9averit,
415 623 546 662 curat
569 631 719 662 omnes
741 619 932 674 morbos,
961 619 1122 663 tussim
1152 622 1351 674 veterem,
1374 619 1641 674 phthisicos,
1672 619 1822 664 vulsos
1845 624 1887 664 et
1962 637 1970 646 ·

208 691 508 734 quaecumque
545 682 711 722 vexata
748 681 856 722 sunt
894 678 947 722 in
988 677 1168 733 opertis.
1227 678 1441 734 ptisanae
1477 681 1586 722 sext.
1613 677 1664 732 I,
1702 679 1887 723 seminis

201 737 291 780 lini
318 737 558 790 heminam,
588 736 717 790 faeni
752 735 919 780 Graeci
947 737 1195 791 heminam,
1235 737 1356 781 croci
1385 737 1572 781 unciam
1595 737 1638 791 I,
1677 739 1899 781 acr'onem-

199 796 368 839 salsum
392 796 526 851 porci
549 796 744 852 pinquis
781 796 849 840 vel
888 796 1186 853 lonyanone‘m
1224 796 1291 840 vel
1328 796 1370 839 si
1401 796 1601 852 porcina
1639 796 1884 851 defuerint,

199 859 338 910 caput
366 854 612 898 haedinum
641 855 894 910 depilatum
924 868 1025 899 cum
1052 855 1247 911 pedibus
1275 855 1373 899 suis
1403 859 1444 899 et
1474 855 1677 899 cordulis
1709 855 1886 900 intesti-

199 926 363 957 norum
407 914 613 968 mundis,
661 914 868 970 hyssopi.
889 914 1034 968 fasces
1054 965 1059 969 ¹
1079 914 1216 969 duos,
1259 914 1428 958 cocleas
1475 913 1730 958 Germanas
1771 914 1885 969 XV,

199 972 355 1016 bulbos
394 971 507 1027 XV,
543 973 656 1026 fieus
693 973 894 1028 duplices
933 973 1059 1028 XX,
1098 977 1230 1017 rutae
1266 972 1538 1027 fasciculum
1568 972 1620 1027 I,
1667 973 1885 1017 bacarum

199 1030 326 1074 lauri
347 1044 448 1075 cum
477 1032 625 1075 virent
654 1032 918 1085 sextarium,
950 1032 1155 1089 dactylos
1188 1032 1314 1085 XX,
1347 1031 1435 1076 alii
1465 1032 1623 1088 capita
1654 1032 1762 1087 tria,
1791 1033 1885 1076 sevi

196 1090 384 1144 caprini
413 1090 576 1133 uncias
617 1089 699 1143 VI,
723 1090 903 1147 puleyii
940 1091 1050 1134 sicci
1087 1091 1370 1144 fasciculum.
1432 1091 1541 1134 haec
1580 1091 1734 1135 omnia
1768 1099 1895 1146 pur-'

198 1152 310 1203 pata
341 1148 584 1205 leniterque
614 1152 805 1192 contusa
835 1149 1049 1205 decoques
1078 1150 1131 1192 in
1161 1163 1283 1206 aqua
1315 1150 1580 1204 cisternina,
1612 1151 1751 1194 donec
1775 1163 1883 1194 acro

197 1207 274 1250 ille
314 1207 383 1250 vel
427 1212 540 1251 certe
579 1212 718 1262 caput
762 1208 898 1251 haedi
943 1208 1160 1264 liquescat
1197 1212 1239 1252 et
1283 1208 1560 1253 dissolvatur
1599 1209 1680 1253 ab
1696 1209 1883 1253 ossibus.

192 1269 384 1322 propter
414 1266 533 1322 quod
562 1279 693 1322 saepe
724 1280 891 1322 aquam
922 1267 1155 1322 infundes,
1186 1280 1243 1311 ne
1274 1267 1526 1322 aduratur,
1566 1268 1644 1311 sed
1673 1268 1886 1325 fervendo

190 1325 387 1381 pinquis
430 1338 566 1369 sucus
596 1329 846 1381 appareat.
921 1329 1027 1382 post
1071 1326 1180 1370 haec
1225 1326 1568 1381 diliyentissime
1613 1321 1784 1370 celabis
1822 1327 1884 1370 ad

197 1383 357 1436 colum,
388 1387 484 1427 tum
522 1384 756 1429 tracanthi
793 1385 981 1428 unciam
1011 1385 1049 1427 I
1083 1385 1136 1428 in
1174 1389 1264 1429 tres
1305 1385 1481 1429 divides
1488 1389 1692 1441 partes,
1733 1385 1803 1429 ita
1831 1390 1886 1429 ut

200 1442 366 1486 exinde
389 1443 442 1485 in
464 1457 606 1486 unam
614 1444 846 1499 potionem
868 1445 1090 1488 missurus
1109 1444 1264 1499 pridie
1287 1444 1513 1498 infundas
1535 1445 1588 1488 in
1610 1443 1811 1488 'calidam
1834 1448 1888 1488 ut

199 1502 490 1557 intumescat.
568 1507 678 1546 tunc
715 1503 871 1547 addes
896 1504 1030 1559 passi
1072 1504 1297 1547 sextarios
1334 1506 1424 1547 tres
1463 1506 1504 1546 et
1540 1503 1688 1548 tribus
1727 1503 1886 1548 diebus

197 1561 401 1616 sznyulos
427 1562 660 1605 sextarios
693 1562 853 1617 dabis,
891 1576 977 1606 ova
1013 1575 1201 1606 numero
1239 1575 1316 1606 seae
1349 1574 1389 1606 e.
1414 1577 1456 1618 q.
1491 1576 1524 1605 s.
1564 1562 1700 1618 plura
1738 1560 1886 1618 igitur

197 1617 344 1663 habet
373 1633 514 1674 quam
545 1619 773 1676 interpres
799 1620 1015 1664 GraecuS.
1065 1621 1260 1664 eandem
1285 1620 1523 1676 potionem
1549 1620 1754 1665 mutabis
1768 1631 1886 1665 non-

192 1677 333 1722 nullis
367 1677 558 1722 Chironi
587 1677 815 1723 tributam
846 1679 1055 1723 invenies
1087 1679 1202 1736 Veg.
1228 1679 1293 1723 VI
1311 1685 1358 1733 .,8
1386 1684 1466 1723 1-—
1473 1682 1514 1724 5.

314 1736 463 1794 ὠμοῦ
519 1737 862 1794 ἀρχέντερον
925 1740 1183 1795 χοίρειον
1238 1735 1266 1793 ἢ
1312 1737 1618 1797 βραχεῖαν]
1681 1737 1907 1783 fortasse.

197 1795 337 1852 ὠμόν.
386 1795 706 1853 significantur
721 1796 1053 1842 intestinorum
1068 1799 1239 1854 parteS,
1264 1796 1383 1853 Veg.
1400 1797 1462 1841 Vl
1488 1802 1530 1851 8,
1556 1802 1579 1840 1
1613 1798 1881 1842 intestinum

142 1856 607 1912 porcinumvecens,
631 1857 751 1912 quod
767 1857 1066 1914 lonyanonem
1095 1861 1274 1912 vocant,
1292 1858 1432 1928 prius
1454 1854 1693 1914 diligenter
1715 1858 1880 1901 elotum

191 1915 259 1959 vel
282 1927 488 1958 acronem
521 1913 673 1970 (Corp.
700 1915 842 1969 gloss,
860 1915 964 1970 IIp.
985 1919 1068 1959 124
1100 1916 1264 1973 lonqao
1294 1912 1490 1959 κωλέντε
1494 1918 1608 1971 ρ.ον)

313 1972 440 2018 509*
477 1974 635 2029 potest
666 1986 767 2017 esse
799 1973 970 2030 capitis
1001 1975 1066 2017 XI
1098 1974 1195 2017 sive
1226 1973 1346 2018 XVI.
1400 1975 1451 2018 in
1482 1975 1536 2017 Η
1572 1976 1619 2017 et
1651 1974 1715 2017 M
1743 1987 1876 2031 pr—ae

193 2031 317 2076 cedit:
347 2035 447 2086 219,
481 2031 689 2086 sequitur
720 2035 819 2077 255.

311 2090 437 2135 510*
467 2089 651 2134 Eumeli
683 2093 755 2135 est
787 2091 928 2147 Hipp.
957 2095 1039 2135 159
1066 2112 1123 2127 =
1148 2091 1211 2135 M
1228 2095 1285 2134 30
1317 2090 1416 2147 ρκζ’
1467 2090 1723 2148 (Εὐμήλου)
1743 2089 1879 2165 ρεύ-

189 2165 332 2206 ματος
363 2148 621 2205 πρόγνωσις
652 2148 732 2193 καὶ
765 2151 897 2200 ἴασις.
959 2156 1144 2207 πρῶτον
1187 2148 1272 2206 μὲν
1312 2149 1574 2194 οἰδαίνουσι
1611 2150 1670 2194 τὰ
1701 2148 1879 2207 γόνατα

189 2207 270 2251 καὶ
316 2210 540 2264 χωλαίνει
578 2207 663 2251 καὶ
698 2209 754 2252 οὐ
801 2208 1004 2253 δύναται
1042 2206 1327 2285 ἐπιβαίνειν,
1369 2207 1468 2252 &m'
1513 2207 1625 2253 όταν
1663 2215 1719 2267 τῇ
1758 2210 1878 2266 χειρὶ

188 2259 361 2325 πιεζῃς,
394 2267 640 2310 ἀνίσταται
671 2266 828 2324 ὀρθός.
893 2264 977 2312 ἐὰν
1010 2265 1094 2312 οὖν
1135 2267 1184 2312 ἐν
1215 2274 1311 2318 τοῖς
1350 2268 1587 2319 ὀπισθίοις
1617 2262 1668 2326 ᾖ,
1700 2276 1878 2313 καῦσον

188 2326 332 2369 αὐτὸν
362 2327 630 2381 καντηρίοις
653 2326 960 2399 στρογγύλοις,
994 2325 1173 2371 ἔσωθεν
1200 2326 1285 2383 μὲν
1309 2327 1534 2401 καύμασι
1530 2325 1669 2371 πέντε
1696 2324 1773 2371 ἐπὶ
1796 2333 1877 2383 τῆς

189 2384 408 2448 ocyu62729,
438 2383 620 2445 ἔξωθεν
642 2382 694 2428 δὲ
719 2384 911 2430 πλατὲσι
935 2384 1296 2442 ἀμφοτέρωθεν·
1324 2382 1408 2430 ἐὰν
1435 2385 1487 2430 δὲ
1513 2382 1564 2430 ἐν
1587 2392 1683 2437 τοῖς
1707 2382 1874 2443 ἐμπρο-

190 2444 345 2493 σθίοις
359 2438 575 2487 κάτωθεν
592 2444 639 2516 ᾐ
645 2450 726 2486 τοῦ
743 2443 953 2499 γόνατος,
970 2445 1148 2497 καύσας
1163 2445 1469 2501 μανὸακηδὸν
1488 2441 1705 2502 ἐπιμελοῦ
1722 2444 1874 2501 ὥσπερ
1950 2468 1953 2469 ’

188 2501 269 2545 καὶ
299 2501 356 2545 τὰ
387 2500 528 2545 λοιπὰ
551 2501 781 2558 καύματα.
805 2504 855 2546 in
880 2504 929 2546 H
959 2503 1200 2562 praecedit
1218 2505 1377 2560 Pelag.
1405 2508 1504 2559 257,
1539 2505 1746 2559 sequitur
1770 2508 1870 2548 262.

306 2577 334 2604 κ
345 2577 375 2604 α
385 2560 412 2603 6
423 2574 448 2604 6
458 2577 488 2603 α
499 2577 520 2611 ς
561 2577 592 2617 μ
602 2577 632 2604 α
643 2577 669 2604 ν
680 2562 709 2604 δ
719 2578 749 2604 α
759 2577 786 2604 κ
797 2577 824 2617 η
836 2562 864 2604 ὃ
875 2561 956 2620 όν]
993 2561 1050 2607 cf.
1075 2563 1404 2618 eraticulatim,
1435 2539 1709 2607 ret’iculatim
1739 2575 1873 2606 urere

188 2622 286 2663 196
310 2624 414 2722 ἓῗῗ
462 2694 575 2722 num
620 2693 793 2724 novum
841 2679 903 2722 sit
948 2679 1262 2734 fragmentum
1309 2679 1422 2722 lieet
1469 2671 1695 2733 ᾶυϋίῒειῑίς
1745 2682 1871 2724 certe

186 2735 360 2780 lemma,
398 2737 549 2781 simile
589 2737 811 2782 Latinum
852 2751 946 2781 non
986 2739 1128 2784 extat.
1191 2741 1409 2782 secuntur
1447 2738 1495 2781 in
1530 2739 1592 2781 M
1624 2737 1872 2795 Pelagonii

185 2798 255 2849 54,
282 2801 352 2851 55,
379 2800 449 2851 63,
478 2800 568 2841 184
596 2796 761 2857 (αρπδ’
769 2795 994 2857 -ᾳρπζ’)
1027 2799 1114 2852 οθὺ,

1745 0 1854 98 39³1»
1903 81 1908 86 ,

2040 1318 2050 1327 ι.
2047 1279 2049 1282 .
2010 106 2051 1250 ffifflvtffmmfftst‘-

2016 1457 2041 1613 &tus-³12·
2027 1426 2030 1431 -
2038 1385 2043 1388 ,
2001 1354 2008 1362 ”

2023 2071 2039 2087 ,¹⁴
2030 2059 2031 2062 „
2018 2025 2048 2051 «ᾗ
2017 1872 2048 2007 νίζ”θ-’Ὡη
2016 1717 2050 1865 ζξξςυζ-ξῇᾖζ.
2017 1619 2049 1703 'TI-⁹
