2060 3232
763 77 1127 133 -49-

101 231 216 264 cum
254 216 393 263 aceto
433 216 484 262 et
514 213 642 261 turis
672 213 860 275 polline
892 213 1151 277 imponito,
1184 213 1426 276 quamdiu
1457 216 1641 263 vulnus
1672 214 1785 278 fiat3

100 289 285 338 vulnus
324 290 494 336 autem
531 286 835 336 traumatico
875 289 1063 336 curato.

211 362 292 410 Ad
327 360 594 424 parotides.
650 361 1037 423 cataplasmabis
1068 361 1267 409 triticea
1297 361 1499 424 polline,
1537 362 1702 410 resina
1734 365 1784 410 et
1800 369 1866 415 64

102 437 243 484 aceto
282 437 333 483 et
371 435 603 498 axungia
658 436 835 496 postea
872 451 989 483 cum
1025 434 1378 498 maturuerint,
1417 437 1657 484 exsecato.

57 522 79 555 5
211 509 341 557 Item
379 508 674 572 sanguinem
712 508 771 556 de
809 509 982 571 palato
1022 524 1135 556 cum
1173 509 1351 557 tuleris
1390 510 1442 556 et
1479 509 1786 570 supprimere
1803 517 1866 562 65

100 583 312 631 61111ᾶ6111
343 582 640 647 sanguinem
668 598 769 631 non
798 584 956 646 potes,
988 582 1251 646 spongiam
1272 582 1509 647 frigidam
1539 582 1784 644 imPonito

100 659 151 705 et
196 658 351 718 caput
396 658 448 704 et
493 671 547 705 os
595 658 646 704 et
695 671 838 705 renes
892 658 943 704 et
995 659 1147 704 testes
1193 672 1328 719 aqua
1372 656 1557 720 frigida
1602 657 1783 706 foveto.

100 731 143 778 si
180 727 219 795 †
235 731 377 778 edere
422 746 522 779 non
567 731 812 794 potuerit,
852 730 1073 779 acaciam
1110 730 1332 794 nigram,
1379 730 1508 778 turis
1546 730 1787 792 pollinem

100 804 274 867 aequis
327 803 629 866 ponderibus
684 806 825 853 aceto
881 804 984 852 acri
1029 804 1330 866 temperabis
1377 806 1428 852 et
1473 805 1582 852 toto
1630 804 1787 867 capiti

33 890 77 922 10
100 877 477 941 superimponis.

211 951 266 1000 si
303 968 431 1014 equo
470 951 647 1015 lingua
692 951 850 1000 incisa
895 951 1061 1000 fuerit.
1122 951 1353 1015 linguam
1397 952 1650 1015 consuito,
1689 952 1788 999 irin
1804 961 1868 1004 66

98 1025 337 1088 pinsitam
374 1026 521 1073 melle
553 1025 773 1089 subigito
805 1027 857 1073 et
885 1025 1130 1087 imponito
1163 1027 1215 1073 et
1246 1025 1360 1074 vino
1392 1025 1563 1075 lavato
1603 1042 1660 1075 eo
1693 1026 1786 1091 die,

99 1102 150 1148 et
188 1099 231 1147 51
268 1101 565 1163 perseverat,
604 1115 765 1162 usque
805 1099 870 1147 ad
908 1099 1188 1147 sanitatem.

208 1173 391 1222 Unctio
438 1172 632 1235 capitis.
693 1173 964 1236 rosacium,
1019 1175 1321 1236 castoreum,
1375 1189 1527 1222 nuces
1574 1189 1784 1238 amaras,
1803 1182 1863 1226 67

32 1258 76 1291 15
96 1249 267 1295 rutam
302 1247 514 1296 viridem
552 1249 691 1295 aceto
731 1247 992 1295 commisce
1032 1250 1083 1295 et
1121 1247 1190 1295 516
1228 1249 1383 1295 utere.

207 1321 338 1370 Item
361 1321 426 1369 ad
449 1323 695 1368 strumam
726 1323 777 1368 et
806 1320 1075 1383 parotidas.
1124 1336 1264 1369 cerae
1296 1320 1528 1385 dragmas
1553 1321 1782 1385 XXVIH,
1803 1329 1866 1374 (38

96 1395 290 1444 resinae
320 1394 684 1443 terebinthinae
723 1395 954 1458 dragmas
985 1394 1163 1458 XXVI,
1195 1389 1394 1458 <mellis
1427 1394 1686 1458 dragmam
1708 1392 1786 1458 1,>

98 1468 303 1533 galbani
352 1469 584 1532 dragmas
629 1468 753 1532 HH,
803 1468 1138 1517 hammoniaci
1191 1468 1424 1532 dragmas
1462 1468 1632 1532 XHH,
1689 1468 1787 1517 olei

99 1545 290 1591 aestate
329 1543 536 1605 cyathos
566 1542 653 1606 VI,
691 1542 852 1590 hieme
892 1542 991 1591 olei
1028 1542 1236 1604 cyathos
1267 1541 1405 1590 VIII.

31 1628 75 1660 20
207 1616 337 1664 Item
367 1616 410 1664 si
447 1616 619 1664 dentes
659 1618 749 1664 aut
786 1616 1030 1680 gengivae
1062 1616 1315 1664 doluerint
1353 1632 1498 1679 equo,
1535 1615 1778 1664 hordeum
1796 1624 1859 1669 69

97 1690 351 1754 integrum
389 1690 596 1738 devorat
636 1692 686 1737 et
724 1705 904 1752 corpus
952 1692 1198 1738 attenuat.
1261 1691 1383 1738 tunc
1428 1690 1672 1754 gengivae
1712 1690 1786 1737 in-

96 1766 384 1812 tumescunt
422 1765 474 1812 et
511 1763 698 1812 salivae
738 1763 978 1812 defluunt.
1040 1766 1101 1811 tu
1139 1763 1373 1828 diligens,
1413 1780 1474 1811 ne
1515 1764 1637 1826 quid
1674 1763 1786 1811 dili-

96 1839 320 1902 gentiam
350 1837 702 1902 subterfugiat,
735 1837 889 1886 etiam
919 1838 1012 1886 hoc
1044 1853 1218 1886 curare
1251 1837 1530 1899 de[resinae
1562 1837 1786 1886 tereben-

96 1912 232 1960 tinae
257 1913 489 1976 dragmas
508 1911 687 1976 XXVI,
710 1911 873 1959 mellis
898 1912 1187 1994 dragmas.
1209 1911 1441 1975 ‚galbani
1465 1912 1697 1975 dragmas
1714 1911 1788 1959 IV

31 1995 75 2029 25
97 1988 161 2050 et,
199 1987 394 2048 pondus
434 1987 605 2034 autem
641 1985 804 2034 mellis
843 2002 943 2035 non
974 1986 1156 2050 inveni,
1197 1987 1447 2048 quantum
1484 1985 1787 2033 mittendum

97 2058 295 2120 sit]bes:
335 2063 522 2108 cretam
559 2076 675 2108 cum
714 2062 854 2108 aceto
895 2060 1133 2108 acerrimo
1166 2060 1372 2108 misceto
1405 2062 1456 2107 et
1488 2059 1747 2107 calidam
1734 2077 1788 2106 111

95 2134 312 2182 maxillis
350 2134 595 2196 imponito
637 2133 811 2181 diebus
851 2148 936 2181 sex
974 2135 1025 2181 et
1062 2136 1140 2181 ter
1177 2133 1231 2180 in
1270 2133 1349 2182 die
1387 2133 1535 2181 melle
1582 2135 1633 2181 et
1663 2133 1787 2181 mali

97 2208 297 2272 granati
336 2208 516 2256 cortice
555 2209 707 2254 tunsa
745 2207 986 2271 gengivas
1024 2207 1308 2269 perfricato.

207 2282 288 2330 Ad
318 2281 597 2345 glandulas,
653 2281 925 2344 axungiam
954 2283 1173 2330 veterem
1204 2297 1319 2329 cum
1351 2280 1451 2328 alio
1482 2281 1701 2344 purgato
1735 2282 1786 2328 et
1806 2288 1868 2333 70

32 2366 74 2397 30
98 2355 249 2403 simul
300 2358 450 2404 tunso
505 2354 774 2418 diligenter
816 2355 1041 2403 malaxas
1089 2357 1140 2402 et
1185 2355 1300 2403 inde
1346 2354 1615 2418 glandulas
1664 2354 1786 2402 foris

99 2431 189 2477 aut
225 2430 395 2478 fauces
433 2443 694 2493 perunges.

218 2588 242 2626 1
275 2582 488 2640 inponite
512 2586 579 2640 114
609 2584 887 2628 maturuerit
908 2586 923 2639 11
949 2590 974 2628 6
1015 2583 1229 2640 inponito
1254 2586 1269 2642 11
1328 2589 1382 2628 10
1416 2583 1741 2639 superinponis

104 2647 155 2686 11
189 2646 409 2687 consueto
440 2646 455 2699 11
491 2648 545 2687 12
584 2643 799 2701 inponito
839 2646 854 2701 11
895 2649 948 2686 13
987 2656 1236 2699 perseuera
1272 2645 1288 2700 11
1328 2648 1382 2688 17
1421 2642 1742 2686 terebentinae

101 2706 158 2745 25
190 2700 370 2760 inveni]
399 2701 497 2746 feni
529 2704 545 2758 11
579 2707 637 2747 26
669 2702 890 2747 callidam
924 2702 940 2759 11
973 2707 1029 2747 27
1061 2701 1275 2759 inponito
1310 2705 1317 2760 1
1354 2703 1476 2746 diem
1510 2703 1527 2758 11
1560 2705 1616 2745 29
1649 2715 1787 2757 gran-

101 2760 212 2805 dula
233 2762 249 2817 11
271 2765 328 2805 30
361 2761 614 2818 grandulas

189 2960 284 3002 Im«,
304 2960 550 3001 Pelagonius.
1406 2957 1432 2994 4
