2060 3232
867 122 1235 175 -90—

208 345 415 395 XVIIII.
471 345 901 395 Praecantatio
943 346 1015 395 ad
1061 342 1603 409 equos'hordiatos
1651 345 1775 395 sive
1824 345 1896 396 ad

497 420 851 485 tortionem,
890 419 1145 484 Apsyrti
1185 419 1469 482 apopiras
1511 419 1609 468 ait.

98 507 194 554 278
319 523 497 586 Equus
516 522 699 572 aeluris
718 522 985 572 florinacus
1003 538 1147 572 orcus
1166 523 1404 586 cognatos
1427 537 1570 572 orcus
1588 538 1700 572 orco
1717 522 1894 584 pedem

216 597 357 646 indit.
428 596 532 645 vidi
569 613 671 646 non
708 612 835 660 nego
874 596 1052 658 pedem
1091 611 1219 660 orco,
1260 596 1303 644 si
1340 595 1661 660 tortionatus⁷
1701 596 1743 643 si
1779 596 1892 644 hor-

211 671 392 734 diatuS‚
418 671 460 719 si
483 671 659 736 lassuS‚
692 670 735 718 si
758 670 995 734 calcatuS,
1028 669 1070 717 si
1100 669 1478 734 vermigeratUS,
1511 668 1554 717 si
1583 670 1891 733 vulneratus,
1938 680 1960 714 5

211 745 253 794 si
290 746 646 808 marmoratus,
693 744 737 792 si
773 743 1059 807 roboratuS,
1108 742 1151 791 si
1197 758 1356 806 equus
1403 759 1503 792 non
1548 743 1736 805 poterit
1774 758 1892 791 esse.

209 818 444 867 nocivum
469 819 588 881 quia
611 818 755 867 video
791 833 974 881 orcum,
1005 816 1083 864 his
1116 816 1417 865 carminibus
1449 816 1559 865 istis
1591 817 1734 879 equis
1767 816 1908 865 dabo.

208 892 495 940 remedium.
557 893 650 941 hoc
705 907 902 940 carmen
956 891 1009 938 in
1055 906 1229 939 aurem
1277 891 1503 939 dextram
1556 906 1684 953 equo
1739 889 1893 939 dices:

211 960 389 1014 ‘semel
427 968 593 1029 natus,
634 966 785 1014 semel
826 959 1155 1014 remediatus'
1198 967 1249 1012 et
1288 965 1426 1027 spuis
1474 964 1526 1012 in
1574 980 1770 1013 aurem:
1817 980 1890 1013 re-

207 1039 452 1104 mediasti⁷
493 1039 535 1087 si
573 1040 860 1102 frequenter
897 1038 1244 1088 incantaveris
1917 1051 1959 1084 10

405 1230 517 1277 ·ΧΧ.
595 1228 1019 1278 PELAGONIVS
1066 1228 1357 1278 FALERIO
1407 1228 1532 1278 SVO
1579 1229 1693 1277 AIT

205 1333 287 1381 De
326 1333 514 1381 muris
555 1332 765 1381 aranei
802 1347 1003 1380 morsu
1040 1333 1137 1381 vel
1182 1332 1248 1380 de
1295 1347 1594 1395 percussu
1640 1332 1892 1395 phalan-

598 1406 795 1470 gionis
845 1408 950 1454 aut
995 1405 1239 1468 viperae
1285 1421 1498 1455 morsu.

96 1506 191 1552 279
318 1508 431 1557 Mus
456 1524 668 1557 araneus
706 1508 976 1571 perniciem
1007 1524 1161 1571 quam
1198 1508 1376 1557 tulerit
1415 1523 1504 1558 suo
1545 1525 1747 1572 corpore
1779 1508 1889 1557 luit.

157 1625 162 1629 .
207 1598 325 1631 nam
363 1583 549 1631 animal
595 1583 762 1645 ipsum
809 1584 916 1632 oleo
963 1597 1183 1631 mersum
1227 1585 1436 1631 necatur
1481 1585 1532 1631 et
1578 1599 1692 1632 cum
1729 1583 1891 1646 impu·
1916 1595 1958 1629 15

205 1657 400 1721 truerit,
440 1657 716 1705 conteritur
761 1672 918 1719 eoque
956 1656 1280 1705 medicamine
1328 1657 1627 1719 quandoque
1672 1671 1894 1706 morsum

206 1730 364 1779 muris
397 1730 567 1779 aranei
597 1730 793 1793 inlinis3
824 1731 905 1779 vel
937 1730 979 1778 si
1009 1730 1062 1778 id
1084 1746 1184 1779 non
1216 1732 1304 1794 est,
1338 1731 1593 1793 cyminum
1616 1730 1892 1780 conteritur

207 1820 365 1866 eoque
405 1804 607 1852 additur
645 1804 882 1868 exiguum
928 1803 1054 1866 picis
1100 1803 1321 1866 liquidae
1360 1800 1484 1869 <et>
1523 1804 1790 1869 axungiae,
1830 1806 1890 1852 ut

206 1878 450 1927 lentorem
495 1878 815 1942 malagmatis
860 1877 1065 1926 habeat:
1112 1877 1405 1940 impositum
1456 1878 1725 1941 perniciem
1774 1877 1887 1925 sub-

204 1953 384 2000 movet.
410 1952 491 2000 vel
516 1951 557 2000 si
579 1954 852 2014 antequam
868 1954 1038 2000 tumor
1057 1951 1371 2017 discutiatur,
1396 1952 1450 2000 in
1474 1952 1887 2015 suppurationem
1910 1965 1954 1997 20

185 2025 526 2089 converterit,
568 2026 814 2087 optimum
852 2027 929 2074 est
966 2026 1115 2089 ignea
1144 2025 1333 2074 lamina
1364 2027 1631 2075 collectum
1667 2041 1887 2075 resecare

205 2100 255 2146 et
294 2098 535 2161 quicquid
578 2099 749 2148 vitiosi
795 2101 870 2148 est
914 2099 1112 2148 inurere
1160 2102 1311 2162 atque
1365 2100 1474 2162 pice
1528 2099 1723 2163 liquida
1776 2115 1891 2148 cum

203 2172 312 2221 oleo
350 2172 509 2221 linire.

95 2239 192 2285 280
250 2265 253 2267 ·
317 2246 411 2294 Est
449 2246 603 2295 etiam
639 2261 872 2308 praesens
910 2246 1198 2311 remedium,
1237 2264 1299 2295 ne
1339 2262 1498 2310 equus
1530 2262 1699 2296 morsu
1729 2246 1886 2295 muris

206 2320 375 2367 aranei
414 2320 748 2383 contingatur.
813 2319 1000 2368 animal
1037 2320 1210 2369 vivum
1249 2322 1384 2370 creta
1429 2320 1632 2385 figulari
1678 2321 1884 2370 circum·
1909 2331 1953 2365 25

207 2392 370 2456 datur,
411 2408 539 2455 quae
579 2409 692 2441 cum
722 2393 1018 2456 induruerit,
1058 2394 1185 2442 collo
1217 2395 1409 2456 pecoris
1441 2395 1774 2457 suspenditur.
1828 2410 1887 2443 ea

205 2480 283 2513 res
321 2466 580 2526 innoxium
618 2481 769 2528 pecus
809 2482 839 2514 a
876 2481 1047 2515 morsu
1084 2467 1241 2515 muris
1281 2468 1452 2517 aranei
1489 2468 1705 2530 praebet.

92 2532 185 2578 281
314 2539 443 2588 Item
482 2540 547 2587 ad
583 2554 805 2588 morsum
842 2540 998 2587 muris
1038 2540 1220 2588 aranei.
1282 2556 1394 2589 mus
1442 2557 1653 2590 araneus
1694 2543 1882 2603 quanto

319 2685 342 2724 1
376 2679 664 2736 precantatio
688 2680 704 2736 {l
727 2683 754 2723 2
787 2678 963 2734 absyrti
985 2681 1000 2736 Ι]
1023 2684 1051 2723 4
1075 2682 1135 2725 116
1159 2693 1278 2737 nego
1305 2681 1312 2737 Ι
1341 2680 1549 2726 ordiatus
1571 2682 1588 2738 ΙΙ
1613 2687 1637 2726 7
1662 2681 1880 2726 nocivum

201 2738 311 2793 quia
340 2738 439 2783 vidi
469 2740 555 2795 (vel
584 2737 739 2794 video)
771 2751 930 2782 orcum
960 2737 1033 2782 his
1064 2738 1310 2784 Buecheler
1342 2739 1467 2784 Mus.
1496 2739 1641 2785 Rhen.
1668 2743 1741 2796 45,
1767 2743 1882 2785 333.-

199 2798 388 2842 Noctufi
420 2798 530 2854 quia
544 2795 709 2842 uideor
724 2800 783 2842 cfi
799 2795 856 2841 iis
881 2796 928 2841 R
950 2798 965 2854 ΙΙ
991 2802 1045 2842 12
1062 2796 1360 2854 palangionis
1383 2799 1400 2854 ΙΙ
1426 2803 1477 2842 13
1495 2797 1657 2855 uipere
1680 2801 1695 2856 ΙΙ
1721 2803 1775 2843 15
1792 2798 1876 2842 im-

198 2856 475 2959 Ριιῒὲιιθτίίιη
501 2861 554 2902 18
585 2854 764 2912 liquide
795 2857 812 2913 ΙΙ
851 2859 909 2900 24
939 2869 1131 2913 presens
1169 2857 1183 2913 ΙΙ
1222 2860 1278 2900 25
1310 2856 1605 2902 circundatur
1636 2871 1725 2914 que
1764 2860 1780 2915 ΙΙ
1818 2861 1874 2902 27

198 2928 279 2970 pre
317 2917 365 2960 et
