2060 3232
907 140 1269 193 -70-

244 279 411 325 vetus:
458 277 580 325 haec
634 293 748 325 cum
802 291 919 325 suco
967 276 1161 324 tisanae
1209 278 1350 324 cocta
1397 276 1700 340 madefacta,
1751 276 1926 325 deinde

244 350 403 399 viride
448 350 765 399 coriandrum
809 350 933 398 bene
979 350 1159 397 tritum
1205 343 1323 399 suco
1369 350 1563 399 tisanae
1610 351 1772 399 colato
1819 366 1929 412 per-

242 424 419 473 misces
458 426 509 473 et
547 424 714 473 triduo
753 423 1049 486 potionabis.

702 615 786 663 XI.
858 614 1048 663 Curae
1097 615 1168 661 ad
1213 614 1475 661 flemina.

135 713 231 759 193
359 718 586 766 Flemina
625 718 754 766 ferro
795 718 1035 766 candente
1075 718 1329 782 curantur,
1367 718 1578 765 vulnera
1609 717 1740 765 sicut
1771 719 1935 765 cetera
1979 730 2001 762 5

244 794 363 840 usta
401 795 653 840 curantur.
720 792 848 841 solet
894 793 945 839 et
991 791 1180 855 sagitta
1225 806 1428 840 muccus
1476 790 1565 853 qui
1608 791 1740 839 inest
1783 790 1935 854 mitti,

246 868 369 914 tunc
401 866 612 930 spongia
650 866 856 928 insuper
902 882 961 913 ex
1008 867 1147 913 aceto
1194 865 1411 914 laser-ato
1451 867 1502 913 et
1546 864 1740 913 marino
1778 865 1936 926 impo-

245 940 397 987 nitur.
460 942 659 1002 postero
700 939 779 988 die
819 939 1085 1001 collyrium
1121 938 1398 1002 inducitur,
1446 939 1581 1001 quod
1624 938 1937 1002 vessiculam,

248 1029 377 1075 quae
415 1030 648 1062 muccum
698 1013 970 1077 continuit,
1021 1013 1273 1077 extrahat,
1322 1012 1465 1061 cuius
1511 1013 1634 1061 haec
1681 1014 1757 1061 est
1806 1028 1936 1061 com-

247 1087 454 1148 positio:
494 1088 680 1136 cummi
710 1087 1116 1135 hammoniacum
1147 1088 1286 1135 aceto
1320 1087 1422 1135 acri
1453 1086 1778 1135 commixtum
1815 1085 1936 1134 levi·
1962 1100 2006 1132 10

253 1161 396 1223 gabis
437 1163 591 1223 atque
631 1162 733 1209 sole
774 1161 1030 1225 siccatum,
1070 1161 1280 1223 collyria
1317 1161 1484 1209 facies.

142 1228 238 1275 194
366 1234 448 1282 Ad
469 1234 691 1283 recentia
721 1234 922 1283 flemina
955 1249 1083 1296 quae
1109 1234 1214 1283 sine
1243 1235 1450 1283 vulnere
1483 1236 1736 1283 curantur.
1774 1233 1940 1282 cancri

251 1325 297 1369 p.
330 1307 403 1372 II,
443 1308 649 1372 galbani
689 1308 853 1371 selib.,
893 1308 1086 1356 resinae
1135 1308 1502 1357 terebinthinae
1540 1335 1602 1341 —
1638 1307 1763 1371 HH,
1810 1308 1939 1355 turis

249 1384 378 1443 cyat.
418 1381 546 1447 IHI,
601 1382 723 1430 nitri
779 1382 941 1446 selib.,
1006 1382 1124 1430 salis
1193 1384 1337 1430 sext:
1399 1382 1558 1430 mixta
1617 1381 1940 1445 levigataque

249 1457 389 1504 aceto
437 1456 704 1505 commixto
752 1456 1093 1505 infervescunt
1137 1458 1188 1504 et
1234 1456 1398 1504 calida
1437 1472 1604 1519 panno
1643 1455 1792 1503 inlita
1833 1472 1937 1503 ma·
1963 1468 2006 1501 15

247 1529 484 1593 lagmatis
530 1530 677 1579 modo
717 1530 929 1594 genibus
984 1530 1380 1593 circumdantur3
1423 1547 1552 1592 quae
1591 1546 1681 1592 per
1720 1530 1937 1578 alternos

248 1603 352 1651 dies
418 1604 662 1652 calefacta
722 1607 1064 1666 renovataque
1126 1605 1467 1667 imponuntur.
1545 1604 1627 1653 vel
1678 1603 1940 1651 bituminis

246 1676 443 1725 Iudaici
502 1704 583 1741 —-,
640 1678 828 1740 sinapis
884 1678 1084 1726 seminis
1145 1705 1226 1742 —,
1283 1677 1665 1740 rhododaphnes
1713 1704 1785 1710 —
1825 1693 1939 1725 cum

248 1751 470 1814 axungia
509 1751 799 1815 levigantur
837 1754 989 1814 atque
1021 1751 1169 1799 inlita
1214 1752 1425 1816 genibus
1465 1752 1818 1813 imponuntur3
1858 1751 1939 1799 vel

245 1823 390 1873 filicis
428 1825 572 1873 radix
618 1841 732 1874 cum
772 1826 992 1889 axungia
1030 1826 1189 1873 veteri
1227 1827 1277 1873 et
1323 1842 1439 1874 ervo
1480 1841 1595 1873 cum
1634 1826 1775 1873 aceto
1815 1824 1937 1873 levi·
1962 1837 2006 1869 20

246 1900 389 1962 gata3
458 1899 540 1948 vel
602 1899 790 1961 sinapis
858 1899 1184 1947 Alexandrini
1240 1899 1376 1947 selib.
1396 1938 1408 1962 ,
1469 1898 1712 1946 nasturcii
1783 1897 1936 1962 selib.,

247 1970 365 2034 <fici
402 1971 557 2020 Afrae
590 1968 791 2037 selib.),
842 1973 960 2021 salis
994 2000 1062 2006 -—
1089 1968 1235 2037 <ΙΙ>7
1269 1972 1516 2037 axungiae
1563 1971 1746 2021 veteris
1792 1972 1936 2035 libra,

249 2045 378 2093 aceti
418 2046 552 2108 quod
592 2047 714 2094 satis
755 2049 843 2095 est.

129 2127 228 2173 195
358 2119 488 2167 Item
527 2120 667 2168 aliud
707 2121 771 2168 ad
818 2121 1032 2168 flemina.
1094 2121 1316 2169 caustico
1363 2120 1608 2168 exsiccato
1655 2121 1933 2181 temperato

247 2209 381 2254 aqua
418 2193 605 2258 frigida
644 2196 694 2242 et
732 2194 977 2256 imponito
1017 2194 1279 2258 spongiam
1311 2196 1450 2243 aceto
1482 2194 1817 2242 madefactam
1847 2210 1936 2255 per
1960 2204 2003 2236 25

245 2266 586 2328 quatriduum.
658 2270 839 2330 quarto
888 2269 965 2316 die
1019 2268 1235 2316 farinam
1277 2268 1595 2317 hordeaciam
1641 2283 1755 2315 cum
1802 2283 1936 2329 aqua

245 2340 504 2405 imponito,
544 2357 706 2404 usque
746 2358 861 2390 cum
897 2342 1082 2390 vulnus
1121 2342 1405 2390 cicatricem
1443 2342 1618 2405 ducat,
1659 2341 1773 2388 inde
1814 2341 1936 2388 mali

365 2471 392 2510 6
424 2467 575 2510 mittit
597 2468 612 2524 ss
638 2473 662 2511 7
695 2481 902 2524 spongea
928 2470 934 2518 Ι
961 2466 1204 2524 inponitur
1227 2468 1242 2524 ΙΙ
1266 2473 1293 2512 8
1324 2467 1536 2511 induitur
1571 2470 1586 2524 [Ι
1611 2472 1636 2510 9
1677 2481 1765 2522 que
1793 2469 1800 2523 Ι
1828 2481 1935 2511 con

243 2524 390 2568 tinuit
429 2526 588 2571 Samch
630 2526 857 2570 conticuit
893 2526 939 2570 R
969 2526 984 2582 ΙΙ
1032 2531 1085 2570 10
1129 2541 1187 2570 cu
1227 2527 1481 2570 miamonia
1526 2540 1584 2571 cu
1622 2527 1637 2583 ΙΙ
1677 2532 1730 2569 12
1779 2525 1934 2569 cancri

236 2583 344 2658 1).ss
370 2584 415 2628 R
461 2583 664 2659 κάχρυος
679 2581 837 2641 λίτρας
854 2582 904 2644 β’
923 2585 1031 2630 ΗΡ
1049 2586 1065 2642 ΙΙ
1091 2590 1144 2628 13
1163 2585 1345 2629 resinae
1368 2584 1691 2629 terebentinae
1711 2609 1766 2616 —
1783 2584 1871 2627 ΠΙΙ
1888 2585 1935 2628 R

241 2640 430 2699 ῥητίνης
486 2642 642 2701 λίτρας
696 2642 744 2687 δ’
802 2644 913 2688 ΗΡ
967 2644 974 2700 Ι
1047 2642 1186 2710 turi-s]
1242 2642 1436 2703 λιβάνου
1484 2643 1683 2700 ἀλεύρου
1730 2645 1934 2700 λιπαρω-

239 2700 375 2758 τέρου
393 2703 492 2747 ΗΡ
511 2706 526 2761 ΙΙ
553 2709 606 2747 15
647 2701 821 2748 callida
847 2704 855 2758 Ι
882 2701 1177 2746 malacmatis
1201 2703 1216 2758 ΙΙ
1244 2708 1296 2746 16
1330 2703 1467 2760 quae]
1497 2718 1541 2758 q.
1566 2703 1613 2747 R
1667 2705 1714 2746 et
1744 2703 1901 2747 Sarch.
1930 2702 1934 2760 Ι

243 2766 296 2805 17
323 2760 617 2830 inponunt-ur
640 2765 655 2818 ss
683 2766 736 2806 18
775 2760 949 2804 iudeici
987 2762 993 2818 1
1021 2760 1201 2836 Psenapi
1236 2764 1243 2816 Ι
1284 2761 1596 2806 rhododafnes
1636 2763 1651 2816 ΙΙ
1690 2766 1746 2805 20
1777 2762 1911 2804 radix

237 2821 424 2874 scripsi·
458 2822 616 2865 aridae
649 2821 695 2865 R
754 2818 976 2894 (βλάχνον
1010 2817 1142 2877 ῤ’ίζαν
1176 2821 1249 2878 H)
1277 2822 1284 2876 Ι
1312 2822 1456 2865 herbo
1480 2823 1496 2877 ΙΙ
1520 2825 1574 2864 21
1607 2820 1818 2864 nasturci
1842 2822 1856 2877 ΙΙ
1881 2824 1938 2863 22

239 2875 443 2934 ἰσχάδων
477 2877 655 2935 ’Ἄφρων
686 2885 741 2936 γᾶ
783 2877 849 2934 ἓξ,
882 2878 1050 2930 ἅλατος
1080 2884 1135 2936 γό
1170 2879 1217 2938 β’
1252 2880 1362 2924 ΗΡ
1393 2884 1399 2935 Ι
1435 2879 1638 2937 axungia
1675 2882 1690 2936 ΙΙ
1725 2885 1782 2923 24
1819 2882 1939 2923 tem-

235 2939 447 2992 peratum
478 2940 494 2993 ΙΙ
525 2943 580 2982 25
604 2938 816 2996 inponite
846 2939 862 2994 ΙΙ
891 2943 947 2983 27
978 2937 1190 2996 inponito
