2060 3232
760 141 1164 194 —113—

237 275 573 341 ffCompositio
612 277 807 340 pastilli
845 276 1087 339 simplicis
1127 277 1214 326 sed
1251 277 1446 326 summi.
1486 279 1691 340 panacis
1729 295 1808 328 ra·
1822 239 1949 331 2313?

124 353 285 401 dicem
322 354 374 401 et
417 351 657 414 pollinem
704 350 956 399 triticeam
1002 351 1176 414 aequis
1222 350 1525 413 ponderibus
1571 355 1721 401 tunsa
1760 357 1813 402 et

125 427 343 476 cribrata
394 425 511 474 vino
565 424 787 489 subigito
841 424 1000 473 veteri
1050 427 1101 473 et
1153 425 1307 474 facito
1361 425 1592 487 pastillos
1647 429 1698 474 et
1757 427 1813 475 in

123 500 380 562 potionem
425 499 556 548 dato.
635 499 679 546 si
723 498 1008 561 perfrixerit
1054 500 1146 547 aut
1189 499 1375 548 vulnus
1425 499 1581 548 fuerit
1634 498 1813 547 intrin-

75 584 100 617 5
123 588 278 637 schS,
318 572 592 621 sanabitur.

233 647 380 696 Potio
429 646 493 696 ad
538 661 622 696 eos
672 646 854 709 quibus
901 647 1164 710 pulmones
1210 646 1264 695 in
1309 662 1460 696 cursu
1505 649 1813 711 rumpuntur
1824 651 1920 698 402

122 721 204 770 vel
251 736 304 770 os
353 721 536 783 quibus
583 721 714 769 male
762 722 877 770 olet.
955 721 1120 784 spicae
1174 721 1334 785 nardi,
1390 721 1542 786 croci,
1595 737 1810 786 murrae,

124 795 265 859 costi,
306 795 518 859 schoeni,
558 794 720 843 casiae
751 794 966 859 fistulae,
1005 795 1193 857 piperis
1228 795 1330 843 albi
1361 795 1535 844 uncias
1568 795 1809 860 singulaS‚

123 869 295 931 eisque
334 885 509 918 ervum
546 868 780 917 molitum
817 885 908 931 pro
940 870 1087 918 modo
1119 868 1362 918 miscebis.
1427 885 1555 931 quae
1587 869 1811 934 levigata

56 954 101 987 10
125 944 176 991 et
216 942 433 991 cribrata
470 942 610 991 melli
648 942 872 991 admixta
910 942 1074 991 diluta
1111 959 1201 1005 per
1238 959 1411 991 narem
1449 943 1706 992 sinistram
1736 943 1811 991 in-

124 1017 420 1065 funduntur.
481 1017 779 1079 priusquam
824 1016 1082 1079 potionem
1127 1017 1233 1081 des,
1283 1017 1532 1066 absinthio
1582 1020 1632 1065 et
1677 1017 1810 1066 nitro

124 1107 240 1140 cum
278 1091 426 1139 melle
465 1093 517 1139 et
545 1106 697 1154 posca
729 1106 782 1140 os
815 1088 1121 1146 defricabisJTfl
1179 1091 1482 1153 quibusdam
1514 1091 1668 1139 etiam
1699 1092 1811 1154 pul·
1829 1094 1927 1140 403

122 1180 294 1214 mones
331 1166 640 1228 rumpuntur
676 1165 730 1213 in
768 1180 971 1214 cursum
1009 1165 1193 1214 coactis
1226 1167 1317 1213 aut
1348 1165 1566 1214 crebrius
1598 1166 1813 1214 tussien-

122 1238 272 1287 tibus
334 1239 425 1288 hos
458 1238 664 1302 quidam
696 1254 749 1288 os
780 1241 1121 1288 transvorasse
1152 1241 1351 1303 putant,
1392 1239 1528 1301 quod
1566 1241 1617 1287 et
1647 1239 1815 1288 cibum

59 1323 104 1358 15
127 1315 178 1362 et
217 1328 404 1376 aquam
443 1313 640 1362 avidius
680 1314 927 1376 appetunt
965 1316 1016 1361 et
1053 1314 1326 1376 purulenta
1363 1313 1591 1361 reddunt.
1662 1313 1815 1361 datur

50 1403 55 1409 ⁸
123 1387 202 1435 his
240 1387 402 1450 potio:
450 1403 669 1452 crocum,
718 1388 875 1452 casia,
921 1387 1155 1452 nardum,
1203 1403 1395 1450 murra,
1442 1386 1815 1436 cinnamomum

123 1461 237 1524 pari
274 1461 491 1524 pondere
530 1462 652 1509 trita
692 1463 743 1509 et
779 1461 1027 1524 permixta
1066 1461 1233 1510 omnia
1265 1478 1379 1510 cum
1415 1461 1523 1510 vini
1561 1461 1695 1525 nigri
1734 1477 1813 1510 co-

123 1536 236 1584 tula
273 1551 390 1583 una.
432 1535 475 1583 si
513 1551 571 1584 ea
611 1535 875 1600 defuerint,
916 1535 1022 1584 ervi
1059 1536 1224 1585 moliti
1263 1538 1313 1584 et
1343 1535 1578 1598 permixti
1614 1535 1731 1584 vino
1765 1538 1817 1583 et

124 1624 286 1672 aquae
327 1609 519 1658 calidae
556 1609 855 1658 tantundem
894 1609 1047 1658 dabis,

57 1814 103 1846 20
198 1802 454 1850 XXVIIH.
530 1803 613 1850 De
652 1802 819 1851 rabie
857 1802 958 1850 vel
997 1802 1062 1850 de
1104 1817 1283 1850 cursu
1321 1801 1501 1849 lunae
1540 1801 1637 1850 vel
1676 1800 1741 1848 de

34 1887 39 1889 “
519 1876 763 1925 insania
807 1877 904 1926 vel
950 1876 1017 1924 de
1063 1875 1429 1938 paralytico.

237 1979 376 2028 Solet
420 1979 619 2027 insania
665 1995 852 2042 equum
889 1981 1081 2044 tenere,
1129 1980 1219 2042 qui
1263 1978 1582 2042 praesepium
1626 1978 1818 2042 frangit
1833 1978 1931 2024 404

125 2068 277 2116 seque
316 2068 486 2102 morsu
523 2054 714 2102 lacerat
750 2054 1098 2116 impetumque
1135 2053 1190 2101 in
1226 2054 1452 2102 homines
1498 2052 1644 2116 facit,
1685 2052 1818 2099 auri-

126 2128 252 2176 culis
290 2128 458 2191 micat,
492 2127 648 2176 oculis
688 2130 765 2176 est
803 2128 1009 2176 arrectis
1043 2129 1094 2175 et
1125 2127 1410 2190 splendidiS,
1451 2141 1654 2188 spumas
1696 2126 1816 2189 agit.

63 2213 106 2246 25
130 2218 246 2250 eum
286 2218 402 2250 cum
439 2201 703 2265 diligentia
742 2201 1072 2265 constringito
1113 2203 1164 2249 et
1202 2200 1500 2265 sanguinem
1538 2200 1597 2247 de
1629 2199 1818 2247 cervice

131 2277 182 2323 et
228 2275 456 2323 cruribus
506 2275 754 2323 detrahito
802 2277 1129 2337 clausumque
1176 2275 1230 2322 in
1281 2273 1500 2323 tenebris
1548 2273 1817 2337 continetO,

129 2349 284 2398 donec
323 2349 491 2398 cibum
528 2349 718 2397 modice
758 2350 977 2411 appetat.
1051 2364 1166 2397 cum
1212 2348 1308 2396 erit
1352 2347 1573 2411 patiens,
1622 2347 1815 2395 cicutae

129 2423 452 2472 acetabulum
490 2423 740 2487 levigatae
780 2439 840 2471 ex
871 2439 1032 2485 aquae
1065 2423 1236 2471 cotula
1267 2439 1357 2485 per
1388 2437 1442 2471 os
1481 2421 1734 2470 infundito
1767 2423 1819 2469 et

246 2540 271 2578 2
305 2535 493 2592 pollinis
522 2534 737 2579 triticeae
768 2534 815 2579 R
854 2535 869 2591 ΙΙ
908 2540 934 2579 3
966 2533 1017 2577 111
1048 2547 1132 2579 om.
1157 2533 1204 2576 Β
1242 2535 1258 2590 ΙΙ
1293 2539 1319 2578 6
1344 2533 1405 2576 ad
1438 2547 1517 2577 eos
1541 2546 1682 2590 usque
1721 2533 1819 2576 olet

126 2607 211 2639 om.
246 2594 292 2638 R
314 2595 330 2650 [Ι
355 2599 380 2638 7
413 2607 595 2650 myrrae
626 2594 672 2638 R
695 2595 760 2651 118
793 2594 926 2651 scyni
955 2594 1002 2638 Β
1028 2594 1035 2651 Ι
1071 2592 1249 2638 cassiae
1287 2592 1383 2637 BR
1416 2594 1424 2648 Ι
1458 2593 1622 2636 unciae
1661 2591 1817 2646 singu-

127 2653 204 2697 lae
228 2653 276 2697 Β
327 2678 384 2685 -
417 2652 626 2710 singulas
649 2653 696 2697 R
733 2654 748 2709 ΙΙ
787 2658 812 2697 9
846 2653 1043 2698 herbum
1073 2653 1167 2697 BR
1194 2655 1200 2707 1
1227 2651 1450 2696 miscetur
1480 2652 1528 2695 B
1563 2653 1568 2706 Ι
1612 2664 1702 2706 que
1734 2650 1780 2694 R
1801 2650 1819 2709 Η

133 2716 189 2756 10
221 2711 420 2756 dilutum
452 2711 499 2756 Β
526 2713 534 2769 Ι
559 2712 820 2756 infunditur
852 2712 899 2756 R
922 2714 938 2770 ΙΙ
963 2717 1015 2756 11
1051 2710 1154 2770 des]
1188 2711 1245 2756 de
1276 2711 1322 2754 B
1350 2711 1357 2767 Ι
1392 2710 1606 2754 absentio
1637 2710 1684 2752 Β
1734 2711 1815 2753 ab·

130 2770 336 2816 sintioR
358 2772 374 2826 ΙΙ
400 2776 453 2814 12
485 2786 591 2815 cum
621 2785 705 2816 om.
729 2771 776 2815 Β
802 2773 809 2829 Ι
836 2772 908 2830 os]
942 2785 1018 2815 eos
1034 2770 1081 2815 R
1112 2769 1278 2828 (στόμα
1294 2770 1367 2827 Η)
1390 2770 1406 2825 ss
1431 2772 1485 2811 13
1509 2768 1810 2827 rompunturfl

130 2842 269 2873 cursu
305 2831 321 2886 ΙΙ
360 2833 416 2873 14
454 2829 645 2885 quidem
680 2832 697 2886 ss
734 2834 789 2874 15
828 2831 1058 2887 appetant
1094 2831 1110 2886 n
1151 2835 1206 2874 16
1246 2829 1398 2874 cassia
1431 2827 1437 2886 Ι
1473 2840 1629 2883 myrra
1675 2841 1818 2883 cyna-

130 2889 290 2932 momssi
319 2890 335 2946 fl
368 2892 421 2932 17
468 2889 700 2945 permixta
737 2892 753 2947 ΙΙ
794 2894 847 2934 18
885 2889 1022 2934 herbi
1070 2887 1077 2948 Ι
1119 2887 1333 2946 permisti
1369 2889 1386 2945 [1
1424 2891 1480 2931 22
1512 2886 1778 2944 presepium
1801 2886 1819 2946 Η

130 2952 189 2991 24
219 2946 370 3004 migat
391 2948 407 3002 ΙΙ
430 2951 488 2991 28
517 2948 723 3004 lenigate
755 2962 812 2992 ex
844 2962 966 3004 aqua

220 3031 315 3069 Imm,
339 3029 584 3070 Pelagoniae.
1434 3023 1461 3063 8
