2060 3232
859 127 1220 180 -92-

201 266 251 311 et
289 261 342 310 in
392 263 500 312 oleo
546 262 797 312 infundito
846 265 897 312 et
942 279 1057 312 cum
1100 263 1216 313 vino
1262 264 1420 313 veteri
1464 264 1700 326 impones.
1764 278 1884 313 sane

199 336 480 386 hirundinis
532 337 699 400 pullos
754 353 836 385 ore
890 337 1157 400 dissipatos
1206 338 1329 386 locis
1384 338 1565 400 quibus
1618 353 1883 400 percussus

201 412 298 474 est,
346 410 608 460 admoveto
649 413 700 459 et
747 411 915 473 ipsum
959 411 1134 460 nidum
1180 427 1294 460 cum
1338 412 1455 461 vino
1501 411 1659 461 veteri
1704 411 1884 459 tritum

199 484 321 534 locis
360 484 483 547 ipsis
521 484 732 547 impone.

199 674 329 723 XXI.
407 675 693 724 Potiones
739 675 834 724 vel
881 690 1057 723 curae
1113 675 1183 723 ad
1236 674 1460 724 colicos
1512 675 1609 724 vel
1663 674 1734 723 ad
1787 689 1885 724 eos
1932 682 1958 716 5

558 748 660 810 qui
700 763 730 796 a
767 749 946 797 faeno
986 749 1142 797 malo
1182 749 1529 797 laeduntur.

505 850 931 901 PELAGONIVS
977 850 1246 900 LVOILIO
1296 850 1421 900 SVO
1469 850 1583 899 ΑΙΤ

92 953 183 999 287
317 953 599 1003 Colicorum
645 954 789 1018 signa
834 970 935 1004 non
989 954 1218 1003 omnibus
1263 956 1385 1003 nota
1435 952 1574 1018 s'unt,
1623 953 1744 1016 quia
1787 969 1888 1002 non

201 1027 455 1076 dissimilis
506 1030 582 1077 est
633 1028 799 1090 passio
856 1044 886 1077 a
940 1028 1144 1092 ceteris,
1200 1028 1288 1091 qui
1340 1028 1639 1077 intrinsecus
1694 1027 1888 1089 aliquid

200 1101 384 1165 dolent,
423 1101 521 1150 nisi
560 1101 681 1164 quia
719 1101 912 1150 maiora
950 1103 1201 1150 tormenta
1239 1104 1290 1150 et
1327 1101 1575 1151 crebriora
1613 1101 1666 1149 in
1704 1101 1885 1164 colicis,
1910 1110 1958 1143 10

201 1190 354 1236 quam
384 1174 436 1221 in
477 1174 717 1223 cardiacis
758 1176 849 1222 aut
885 1175 939 1222 in
976 1175 1371 1224 tortionantibus
1408 1175 1704 1238 reperimus:
1745 1174 1888 1223 cuius

200 1248 323 1296 haec
363 1248 507 1311 signa
545 1248 834 1310 frequenter
872 1248 1181 1312 agnovimus.
1247 1248 1468 1311 primum
1506 1264 1620 1297 cum
1660 1250 1775 1312 stat,
1814 1264 1889 1296 re-

199 1323 350 1383 pente
390 1321 628 1386 concidit,
666 1324 727 1369 ut
774 1322 1038 1383 adreptum
1084 1325 1255 1385 putes3
1302 1322 1478 1371 deinde
1526 1322 1568 1371 si
1614 1322 1735 1370 satis
1783 1337 1888 1370 5115-

199 1410 384 1457 pensus
422 1395 590 1459 fuerit,
631 1395 803 1444 statim
842 1396 1166 1458 subsequitur
1203 1396 1345 1445 dolor
1391 1398 1442 1444 et
1485 1396 1617 1444 iacet
1662 1411 1889 1444 nonnun-

203 1484 356 1531 quam
401 1471 453 1517 et
497 1485 612 1517 cum
656 1468 894 1533 frigidam
941 1470 1188 1532 acceperit
1234 1485 1440 1534 aquam,
1486 1469 1678 1534 tremit,
1726 1469 1888 1533 sudat,
1914 1479 1960 1512 15

202 1542 426 1606 anhelat,
482 1545 682 1591 aestuat
735 1543 903 1592 dolore
965 1543 1134 1592 nimi0.
1212 1544 1294 1592 0111
1356 1543 1745 1592 succurrendum
1795 1543 1889 1591 hac

201 1615 405 1678 potione
445 1615 617 1664 Celsus
657 1616 810 1664 iubet.

91 1686 186 1733 288
319 1688 623 1752 Compositio
650 1690 714 1738 ad
745 1690 937 1740 colicos.
988 1690 1120 1739 asari
1150 1690 1349 1739 Pontici
1373 1717 1458 1755 —,
1490 1689 1781 1753 petroselini
1806 1716 1890 1755 —,

202 1763 408 1812 feniculi
463 1764 663 1812 seminis
710 1790 802 1828 —,
857 1764 1043 1826 piperis
1097 1764 1230 1829 nigri
1278 1791 1347 1800 —-
1394 1764 1467 1829 H,
1520 1763 1763 1812 marrubii
1803 1790 1888 1828 —,

203 1836 433 1886 abrotoni
465 1864 558 1902 -,
599 1837 769 1886 anethi
817 1838 959 1900 scrip.
993 1838 1090 1902 III,
1130 1838 1355 1902 ligustici
1393 1864 1479 1901 —,
1528 1837 1773 1886 centaurii
1812 1852 1884 1885 se·
1913 1848 1957 1880 2⁰

201 1910 350 1958 minis
395 1936 484 1974 —,
524 1910 884 1974 chamaepityis
925 1927 1067 1975 sem.,
1107 1912 1358 1974 eupatorii
1404 1911 1547 1973 scrip.
1580 1911 1703 1976 IIII,
1749 1911 1888 1973 pulei

203 1983 382 2046 acapni
414 2011 506 2047 -—,
551 1987 696 2033 rutae
734 2010 822 2049 —-,
863 1985 967 2047 apii
1017 1985 1218 2034 seminis
1247 2012 1341 2049 —,
1382 1985 1645 2049 zingiberis
1694 2001 1888 2033 semun-

203 2057 346 2120 ciam,
384 2058 547 2106 mellis
588 2058 764 2120 optimi
802 2075 848 2120 p.
881 2058 954 2122 Π;
992 2060 1092 2107 11101
1123 2060 1402 2123 despumas,
1440 2059 1530 2106 illa
1570 2058 1736 2107 omnia
1775 2075 1888 2107 con-

202 2130 374 2179 tundis
413 2133 464 2179 et
503 2132 660 2180 cernis
700 2134 751 2180 et
795 2132 935 2180 melli
979 2133 1229 2197 miscebis,
1276 2132 1451 2181 deinde
1491 2132 1651 2181 instar
1695 2132 1887 2196 magni-

202 2204 393 2252 tudinis
439 2205 581 2254 nucis
625 2205 901 2254 Abellanae
948 2223 1062 2255 cum
1109 2222 1270 2269 aquae
1316 2206 1514 2268 tepidae
1563 2208 1680 2255 sext.
1721 2206 1882 2254 dabis:
1908 2215 1953 2248 25

204 2278 480 2327 certissima
509 2279 704 2328 medela
736 2281 823 2327 est.
862 2295 978 2328 sane
1005 2281 1047 2329 si
1080 2280 1221 2329 dolor
1251 2280 1655 2343 perseveraverit,
1680 2279 1887 2328 feniculi

205 2351 405 2399 seminis
459 2353 702 2400 coclearia
762 2354 984 2416 quinque
1037 2354 1160 2403 bene
1222 2354 1345 2402 trita
1391 2370 1506 2403 cum
1557 2353 1663 2402 vini
1711 2353 1888 2402 sinceri

206 2425 291 2472 sed
329 2424 503 2473 cibarii
543 2428 661 2474 sext.
703 2426 856 2474 dabis

324 2555 350 2594 2
382 2550 656 2607 hyrundinis
681 2551 697 2608 ΙΙ
720 2554 747 2595 ὅ
779 2551 983 2596 0110Ιί005
1007 2553 1022 2608 ΙΙ
1046 2556 1072 2596 6
1090 2551 1197 2596 feno
1213 2552 1339 2596 mala
1355 2553 1576 2596 leduntur
1597 2554 1613 2608 ΙΙ
1638 2556 1692 2596 10
1709 2551 1857 2596 maior
1879 2552 1883 2610 Ι

205 2608 398 2654 cholicis
422 2610 437 2666 ΙΙ
463 2615 516 2653 11
557 2609 845 2666 repperimus
883 2612 899 2668 ΙΙ
940 2614 992 2654 12
1025 2610 1113 2654 hec
1155 2611 1162 2667 Ι
1204 2623 1309 2654 011111
1341 2611 1437 2655 stat
1467 2610 1734 2656 Sarchiani:
1777 2623 1887 2654 con-

205 2669 301 2712 stat
331 2668 378 2713 R
415 2670 431 2725 ΙΙ
469 2672 526 2713 18
558 2668 814 2713 colichosas
846 2669 916 2713 ari
956 2670 963 2724 Ι
1006 2664 1115 2726 ᾇέου
1147 2670 1383 2713 Ποντικοῦ
1423 2674 1478 2725 γό
1512 2667 1563 2712 α’
1597 2667 1759 2713 ΗΡΜ
1784 2670 1798 2725 ΙΙ
1831 2673 1885 2713 19

202 2725 440 2785 πεπέρεως
463 2724 660 2784 μέλανος
683 2734 739 2784 γὸ
771 2724 822 2771 α’
856 2686 1237 2784 ΗΡΙρ11101111111
1273 2728 1289 2784 ΙΙ
1327 2733 1384 2773 20
1414 2728 1542 2772 aneti
1583 2731 1590 2785 Ι
1632 2728 1769 2784 scrip.
1798 2727 1884 2785 ΙΙΙ]

205 2800 394 2858 γράμμα
427 2798 479 2845 ’ἔν
511 2800 569 2845 H
574 2800 649 2860 ΡΙ
677 2799 889 2845 centauri
919 2801 1008 2845 5015
1032 2801 1048 2857 ΙΙ
1070 2805 1126 2845 21
1160 2800 1410 2874 cameprtis
1438 2802 1446 2858 Ι
1473 2801 1766 2857 silpotorium
1790 2803 1806 2857 [Ι
1829 2806 1885 2845 22

203 2858 451 2915 zingiberis
484 2874 642 2904 semen
673 2860 718 2904 R
778 2857 1065 2927 ζιγγιβέρεως
1091 2859 1143 2904 τὸ
1173 2857 1312 2916 ήμισυ
1345 2859 1454 2904 ΗΡ
1474 2861 1489 2917 ΙΙ
1521 2865 1576 2906 25
1607 2860 1766 2917 tepide
1789 2862 1805 2917 ΙΙ
1829 2865 1885 2904 26

201 2917 404 2962 medella
426 2920 442 2975 Ι]
465 2923 522 2964 27
555 2917 794 2964 cloeliaria
820 2921 827 2976 Ι
855 2918 1045 2964 sinceris
1077 2932 1120 2975 s3
1153 2919 1330 2964 cibabis
