2060 3232
812 130 1212 184 —108—

178 266 526 317 aristolochiae
565 293 659 333 -—,
699 263 967 334 <mun-ae>
1006 267 1227 332 troglitis
1267 293 1360 332 —,
1405 266 1580 317 laseris
1620 292 1712 330 —,
1752 265 1863 315 dra-

177 344 381 392 conteae
427 367 522 407 -—-—,
577 343 872 392 centaureae
915 368 1005 406 -,
1059 341 1196 391 iunci
1243 338 1409 406 <-->,
1463 340 1731 406 gentianae
1779 365 1863 403 —,

178 416 343 479 spicae
359 416 505 465 nardi
531 441 614 481 —,
632 416 796 479 spicae
815 414 933 478 [—]
969 414 1186 465 Celticae
1209 441 1290 480 —,
1306 415 1418 465 folii
1434 433 1529 463 —:
1559 413 1865 464 haecomnia

177 490 348 539 tundis
403 493 454 538 et
507 490 664 539 cernis
719 492 770 538 et
823 490 947 539 facis
997 490 1285 554 pulverem,
1348 489 1429 538 cui
1482 489 1767 539 commisces
1822 487 1865 536 si

177 564 433 627 potionem
463 564 587 612 facis
619 562 875 627 aestivam,
908 563 1037 612 croci
1072 589 1154 626 -,
1186 561 1439 611 tracanthi
1473 588 1535 597 —
1570 563 1662 627 IH,
1700 562 1863 611 mellis
1910 573 1932 607 ⁵

180 638 314 701 quod
352 637 550 701 sufficit,
589 636 695 686 vini
731 636 914 685 veteris
954 638 1074 685 sext.
1107 636 1194 701 VI,
1234 652 1435 686 crocum
1470 632 1595 701 (in)
1633 637 1750 686 vino
1789 636 1863 684 in-

177 712 369 775 fundeS,
408 710 729 759 tracanthum
765 710 819 757 in
859 725 993 773 aqua
1039 709 1223 773 calida3
1270 709 1347 759 sin
1395 712 1564 759 autem
1608 709 1866 773 potionem

177 786 301 834 facis
358 784 644 848 hiemalem,
697 783 926 833 omnibus
981 784 1335 848 suprascriptis
1393 784 1625 849 adiungis
1677 783 1865 847 piperis

177 859 287 907 triti
320 884 389 892 —-
421 858 499 905 ΙΠ
538 860 588 906 et
627 857 697 907 sic
734 874 824 920 per
861 874 1016 908 cornu
1054 858 1209 908 dabis.

65 934 161 980 374
287 932 415 980 Item
460 931 599 994 potio
647 931 851 981 aestiva.
923 933 1053 982 croci
1090 959 1164 966 —
1201 931 1434 982 infundes
1479 933 1532 980 in
1577 931 1716 995 vinc,
1763 933 1864 980 tra.-
1889 944 1934 978 ιο

177 1006 346 1055 canthi
375 1031 445 1039 ——
479 1005 556 1053 HI
593 1004 825 1055 infundes
864 1006 917 1055 in
957 1021 1091 1070 aqua
1129 1007 1292 1056 calida
1330 1009 1381 1056 et
1410 1007 1531 1056 teris
1572 1006 1723 1055 simul
1753 1005 1865 1054 dili-

176 1081 371 1144 genter3
412 1079 595 1142 quibus
635 1080 868 1144 adiungis
906 1097 1113 1143 porrum
1142 1081 1392 1146 virginem
1423 1084 1474 1130 et
1504 1081 1677 1144 apium
1706 1079 1865 1129 viride

176 1156 227 1202 et
263 1153 448 1202 iterum
493 1154 547 1201 in
592 1168 644 1203 se
690 1154 958 1218 diligenter
1002 1155 1144 1219 teris3
1192 1155 1373 1218 quibus
1421 1155 1706 1204 commisces
1751 1169 1865 1216 por-

176 1228 341 1276 clacae
397 1243 571 1276 sucum
625 1230 676 1276 et
736 1229 815 1276 lac
877 1229 1158 1292 caprinum,
1214 1245 1330 1293 ova,
1386 1230 1552 1278 oleum
1599 1227 1863 1292 rosacium,

174 1301 337 1350 mellis
371 1327 440 1334 —-
472 1301 550 1349 III
588 1304 639 1349 et
676 1302 812 1364 passi
852 1304 970 1351 sext.
1012 1305 1064 1351 et
1101 1303 1207 1352 vini
1245 1303 1428 1352 veteris
1461 1303 1597 1366 quod
1631 1301 1863 1367 sufficiat,
1888 1313 1932 1348 15

176 1377 228 1423 et
265 1375 405 1424 dabis
445 1390 535 1437 per
574 1391 728 1425 cornu
761 1376 999 1424 triduum.

63 1449 159 1496 375
286 1449 416 1498 Item
468 1449 570 1498 alia
622 1450 784 1514 potio,
833 1450 1134 1500 herbacium.
1203 1451 1377 1515 butyri
1416 1476 1508 1516 -,
1554 1450 1717 1500 mellis
1763 1449 1864 1514 lib,

175 1523 422 1588 axungiae
466 1524 650 1573 veteris
700 1525 863 1589 selib,
912 1525 1138 1588 dactylos
1176 1526 1283 1590 XV,
1329 1541 1458 1575 uvae
1502 1540 1681 1588 passae
1727 1526 1864 1588 sext„

172 1596 351 1646 bulbos
389 1613 435 1646 n.
468 1597 527 1662 X,
566 1598 659 1646 lini
697 1599 899 1648 seminis
946 1600 1085 1648 tunsi
1129 1600 1279 1664 hem,
1326 1599 1463 1649 faeni
1501 1599 1679 1648 Graeci
1725 1598 1864 1647 tunsi

171 1671 315 1736 hem.,
347 1672 423 1719 ari
455 1671 635 1721 Gallici
667 1674 801 1735 quod
832 1673 1063 1738 sufficiat,
1096 1674 1227 1724 croci
1259 1700 1344 1739 —,
1375 1673 1629 1723 tracanthi
1658 1699 1732 1707 -
1762 1672 1862 1721 III:
1887 1684 1933 1718 80

171 1745 295 1794 haec
334 1745 500 1794 omnia
539 1746 689 1795 simul
727 1747 850 1796 trita
888 1748 1175 1797 commisces
1221 1764 1337 1798 cum
1373 1749 1521 1798 melle
1567 1750 1619 1797 et
1664 1747 1772 1798 ovis
1812 1748 1863 1796 et

175 1819 283 1868 oleo
323 1821 374 1868 et
410 1834 558 1882 passo
597 1820 875 1871 sufficiente
915 1824 966 1871 et
1003 1822 1145 1871 dabis
1183 1839 1273 1885 per
1309 1822 1548 1871 triduum.

63 1891 157 1937 376
283 1892 430 1942 Potio
484 1893 706 1957 Apsyrti.
783 1896 988 1959 hyssopi
1021 1923 1089 1931 —-
1123 1896 1196 1961 H,
1249 1896 1431 1946 rosacii
1467 1923 1555 1960 —,
1610 1895 1737 1945 costi
1780 1920 1862 1959 ——,

173 1966 558 2015 malabathri·—
578 1969 642 2032 H,
673 1971 965 2031 petroselini
995 1971 1302 2020 Macedonici
1325 1997 1406 2036 -,
1423 1970 1554 2020 croci
1569 1964 1727 2034 <->,
1758 1972 1861 2018 tra-

176 2040 346 2089 canthi
381 2067 461 2107 —,
500 2042 686 2105 piperis
726 2044 828 2093 albi
859 2071 945 2109 —,
984 2046 1114 2094 turis
1138 2040 1296 2110 <—>,
1334 2060 1534 2093 murrae
1558 2040 1718 2109 <->.
1885 2054 1930 2089 25

62 2111 156 2159 377
279 2114 409 2163 Item
470 2115 572 2164 alia
627 2117 690 2165 ad
736 2118 935 2168 cholera
991 2120 1165 2168 eadem
1217 2119 1440 2182 Apsyrti.
1519 2118 1626 2168 vini
1680 2117 1862 2167 veteris

175 2190 292 2236 sext.
320 2188 410 2252 III,
445 2189 542 2238 olei
557 2190 675 2239 boni
699 2194 834 2257 sext,
851 2185 1015 2242 mellis
1039 2196 1175 2259 sext,
1199 2193 1386 2256 piperis
1406 2192 1509 2241 albi
1527 2219 1613 2257 —,
1640 2207 1736 2242 ova
1750 2191 1861 2240 XII.

65 2259 159 2305 378
288 2262 433 2311 Potio
465 2263 694 2312 hiemalis
734 2266 962 2329 simplex‘
1019 2267 1126 2317 vini
1163 2267 1346 2316 veteris
1387 2270 1522 2331 sext,
1563 2266 1660 2315 olei
1708 2265 1860 2330 selib.,

172 2333 360 2396 piperis
381 2362 463 2400 —,
487 2339 632 2386 rutae
649 2339 823 2388 viridis
842 2367 911 2373 -—
929 2341 1015 2406 VI,
1040 2340 1292 2390 tracanthi
1313 2367 1375 2374 —
1396 2341 1482 2406 VI,
1506 2340 1670 2389 mellis
1688 2367 1757 2373 —-
1773 2339 1861 2404 VI,

174 2423 270 2456 ova
310 2412 435 2470 quot
471 2411 691 2460 volueris
731 2415 782 2461 et
818 2414 954 2475 passi
994 2416 1130 2477 quod
1169 2414 1368 2477 sufficit.
1884 2425 1930 2458 30

295 2526 315 2564 1
352 2521 557 2566 Dracont
588 2536 613 2581 e
648 2525 663 2579 ΙΙ
700 2526 730 2565 4
761 2537 920 2569 cernes
951 2526 967 2581 ΙΙ
994 2529 1026 2569 -5
1057 2524 1230 2583 κρόκου
1269 2533 1323 2581 γό
1356 2522 1409 2568 α’
1442 2524 1778 2582 τραγακάνθης
1807 2524 1860 2568 τὸ

173 2578 274 2623 ἴσον
305 2578 364 2622 Η
393 2581 409 2637 ΙΙ
449 2585 474 2624 7
507 2535 681 2625 callida
717 2581 732 2637 ΙΙ
771 2585 797 2625 8
835 2582 1100 2639 hyemalem
1139 2587 1155 2642 n
1195 2589 1461 2643 lluaquam
1507 2584 1710 2628 calidam
1748 2586 1764 2640 ΙΙ
1804 2587 1860 2628 13

169 2638 331 2698 pclace
385 2640 402 2696 fl
465 2644 519 2685 15
566 2637 746 2697 μέλιτος
798 2648 852 2697 γὸ
906 2641 954 2685 δ’
987 2642 1116 2698 ΗΡΙ
1143 2645 1272 2700 passi
1315 2645 1331 2699 ΙΙ
1379 2646 1433 2688 17
1480 2642 1640 2687 buturi
1695 2644 1702 2700 1
1758 2641 1838 2687 lib.

170 2703 225 2752 ’γό
258 2696 310 2740 α’
343 2697 402 2741 H
423 2700 439 2754 ΙΙ
465 2703 520 2743 18
559 2701 764 2755 axungia
790 2707 797 2748 Ι
824 2699 977 2759 selib.]
1018 2699 1178 2760 λίτραν
1210 2701 1262 2745 α’
1298 2701 1425 2758 ΗΡΙ
1462 2700 1663 2746 dactilos
1696 2700 1781 2746 XV

171 2756 392 2810 φοίνικας
421 2757 610 2818 ἀριθμῷ
643 2757 710 2818 ιβ’
744 2759 845 2804 ΗΡ
861 2761 878 2816 ΙΙ
903 2765 957 2805 19
991 2761 1201 2819 seminis]
1227 2764 1353 2806 seme
1381 2762 1388 2818 Ι
1415 2759 1543 2817 greci
1564 2762 1580 2817 ΙΙ
1603 2765 1659 2804 22
1683 2774 1826 2817 passu
1841 2760 1859 2819 Η

170 2819 228 2858 23
262 2814 476 2872 absyrthi
504 2817 641 2874 ysopi
667 2820 674 2873 1
701 2818 853 2863 rosaci
876 2820 891 2875 ΙΙ
915 2823 973 2864 24
1004 2819 1342 2865 malabarathri
1364 2820 1381 2876 ΙΙ
1403 2823 1459 2864 25
1485 2834 1638 2878 myrre
1662 2822 1677 2876 ΙΙ
1702 2824 1759 2864 26
1782 2833 1858 2864 co-

169 2872 268 2918 lera
297 2873 469 2931 (colera
500 2875 587 2932 R1)
614 2878 621 2933 Ι
649 2875 860 2934 absyrthi
890 2879 906 2932 ΙΙ
937 2882 994 2923 28
1024 2878 1253 2935 hyemalis
1284 2881 1300 2937 ΙΙ
1330 2883 1385 2924 29
1425 2877 1640 2935 πηγάνου
1679 2882 1858 2936 χλωροῦ

170 2938 224 2988 ys>
253 2930 288 2975 ι’
315 2933 417 2978 ΗΡ
442 2935 536 2992 (sed
572 2935 676 2994 Vey.
707 2937 868 2981 uncias
901 2936 982 2994 VI)
1007 2940 1022 2995 ss
1046 2942 1103 2982 30
1134 2938 1257 2994 quod
