2060 3232
189 259 284 306 142
414 244 635 293 Curatur
679 247 848 294 autem
898 245 1103 308 dysuria
1148 245 1228 293 vel
1278 245 1565 310 stranguria
1615 245 1704 293 sic:
1756 245 1989 295 coliculo-

299 334 414 367 rum
451 319 716 369 fasciculos
755 335 869 367 cum
900 319 1035 368 foliis
1067 319 1171 367 suis
1203 319 1435 383 decoque,
1474 318 1587 367 inde
1619 318 1835 381 exprime
1866 319 1991 368 folia

300 395 352 441 et
402 393 590 457 proice,
645 396 697 442 et
749 409 932 457 aquae,
986 393 1039 440 in
1093 409 1194 456 qua
1247 393 1448 442 coliculi
1500 392 1690 442 decocti
1744 395 1882 457 sunt,
1935 393 1988 441 id

299 469 376 515 est
421 469 482 514 ut
526 467 710 516 habeat
756 483 890 529 aqua
935 467 1046 529 ipsa
1083 481 1369 515 mensuram
1415 467 1639 530 sextarii,
1693 466 1844 531 iunge
1883 467 1989 516 vini

297 541 551 589 heminam
597 544 648 589 et
695 541 791 589 olei
839 541 1160 589 acetabulum
1206 542 1257 588 et
1302 556 1391 602 per
1434 556 1605 588 narem
1644 541 1868 589 dextram
1908 555 1988 589 su·
2035 553 2059 588 5

296 615 577 677 prascripta
615 614 821 662 infunde
862 617 913 662 et
951 614 1237 662 deambulet
1275 616 1326 661 et
1363 613 1529 661 meiat.

187 694 281 741 143
408 689 537 736 Item
588 688 738 736 aliud.
818 687 1127 736 absinthium
1176 702 1292 735 cum
1339 686 1456 735 vino
1507 687 1724 749 decoque
1775 687 1840 735 ad
1885 703 1989 737 sex-

298 762 486 810 tarium
523 778 622 811 non
661 763 866 824 plenum
906 763 957 810 et
993 764 1054 809 ut
1092 776 1245 823 supra
1281 777 1372 823 per
1408 777 1580 809 narem
1616 761 1854 809 infundis.

186 842 280 889 144
410 836 577 884 Aliud.
665 851 1023 900 opopanacem‚
1079 837 1327 898 quantum
1377 835 1524 899 digiti
1575 835 1781 884 minoris
1832 837 1989 884 extre-

298 909 448 958 mitas
488 912 577 974 est,
618 926 732 958 cum
770 910 902 973 vino,
940 912 1001 957 ut
1040 925 1192 972 supra
1231 910 1320 973 est,
1361 908 1515 957 dabis.
2011 923 2060 961 m·

186 989 279 1036 145
408 983 576 1032 Aliud.
637 984 819 1032 radicis
859 1000 1025 1032 semen
1062 985 1190 1032 teres
1230 985 1282 1031 et
1322 998 1436 1031 cum
1473 983 1589 1032 vino
1630 985 1680 1031 et
1722 985 1782 1030 ut
1815 998 1988 1046 supra·
2048 995 2051 997 ·

300 1057 543 1119 scriptum
582 1060 658 1106 est
696 1058 849 1105 dabis.

183 1139 278 1183 146
405 1131 574 1179 Aliud.
630 1146 776 1193 cepas
807 1131 1079 1195 longiores,
1113 1131 1234 1193 quia
1265 1133 1384 1178 sunt
1413 1130 1575 1194 magis
1608 1130 1835 1195 acriores,
1870 1146 1988 1193 pur-
2051 1183 2056 1186 ,

293 1204 435 1267 gabis
487 1207 538 1252 et
587 1204 867 1269 confringes
919 1205 1116 1266 aliquas
1169 1204 1389 1268 quinque
1441 1206 1492 1252 et
1535 1221 1663 1266 pone
1710 1204 1762 1252 in
1802 1220 1897 1253 ano
1938 1207 1988 1252 et

293 1277 518 1326 ambulet
559 1280 625 1338 et,
651 1278 817 1326 meiat.
893 1279 1096 1340 prodest
1142 1280 1193 1326 et
1235 1294 1369 1340 aqua
1411 1278 1575 1326 calida
1619 1293 1760 1327 renes
1804 1279 1984 1328 fovere.
2012 1289 2058 1333 111>

291 1353 459 1400 errant
491 1354 661 1400 tamen
692 1353 842 1400 multi
874 1352 1080 1401 dicendo
1112 1353 1358 1416 prodesse,
1389 1354 1450 1399 ut
1479 1368 1685 1400 manum
1714 1368 1804 1415 per
1835 1367 1988 1400 anum

290 1425 511 1490 mittant,
553 1426 792 1488 quoniam
833 1423 906 1488 [in
943 1428 1160 1489 utroque
1200 1426 1508 1476 contrarium
1545 1424 1640 1488 est]
1683 1428 1734 1474 et
1770 1426 1987 1475 vesicam

291 1499 501 1547 laedunt
539 1502 589 1547 et
619 1502 843 1548 meatum
873 1500 1041 1563 ipsum
1071 1500 1326 1564 unguibus
1358 1500 1639 1548 vulnerant.
1711 1499 1753 1547 si
1791 1499 1985 1548 tardius

290 1573 490 1621 urinam
543 1574 736 1638 fecerit,
793 1576 981 1622 stercus
1036 1574 1271 1622 caninum
1321 1590 1435 1622 cum
1486 1575 1588 1622 sale
1637 1573 1983 1622 hammoniaco

290 1646 407 1695 vino
447 1648 751 1709 permixtum
790 1648 943 1696 dabis.
2008 1661 2053 1696 20

180 1729 271 1774 147
401 1720 570 1769 Aliud.
642 1721 731 1769 alii
769 1722 994 1784 capitula
1033 1723 1130 1771 duo
1169 1724 1389 1785 purgata
1427 1721 1550 1769 trita
1588 1721 1704 1770 vino
1737 1721 1984 1783 permixta

291 1794 431 1842 dabis
472 1797 522 1843 et
559 1795 711 1844 facies
752 1812 938 1859 equum
977 1812 1185 1844 currere.

179 1876 273 1922 148
400 1868 542 1917 Item.
614 1869 749 1917 ebuli
785 1870 1004 1918 radicem
1043 1869 1285 1919 conterito
1325 1885 1439 1917 cum
1469 1869 1586 1918 vino
1624 1869 1783 1919 veteri
1823 1872 1873 1918 et
1904 1886 1983 1918 ex-

289 1942 492 2003 primito
545 1945 595 1991 et
643 1960 733 2005 per
781 1944 1045 1992 linteolum
1097 1945 1259 1992 colato
1311 1946 1360 1991 et
1411 1943 1551 1991 dabis
1601 1960 1690 2006 per
1739 1945 1981 2006 utrasque

288 2031 445 2064 nares.
2006 2029 2052 2064 2⁵

178 2097 272 2143 149
399 2090 567 2138 Aliud.
645 2091 874 2153 puleium
913 2107 1027 2140 cum
1066 2107 1199 2154 aqua
1235 2091 1507 2139 bibendum
1544 2090 1814 2153 praebebis.

179 2171 273 2217 150
400 2163 557 2212 Aliud
596 2165 659 2213 ad
699 2180 781 2214 eos
814 2165 903 2227 qui
937 2181 1037 2214 non
1067 2165 1272 2229 meiant,
1312 2161 1610 2229 <Magonis>
1642 2163 1980 2229 Carchedonii,
2047 2218 2049 2220 ,

290 2238 425 2299 (111οᾶ
471 2239 606 2287 solus
654 2239 979 2288 adseveravit.
1058 2239 1180 2288 dicit
1225 2239 1356 2287 enim
1403 2239 1578 2287 debere
1626 2239 1685 2287 de
1730 2239 1980 2301 prioribus

287 2311 497 2372 pedibus
550 2314 770 2377 ungulas
833 2313 1005 2361 subter
1056 2313 1215 2375 ipsius
1278 2314 1395 2375 equi
1449 2313 1559 2361 radi
1613 2315 1663 2360 et
1716 2312 1811 2361 teri
1866 2329 1980 2361 cum

287 2384 393 2432 vini
434 2388 551 2434 sext.
594 2389 645 2435 et
681 2387 887 2435 naribus
926 2387 1137 2435 infundi.
1217 2386 1477 2435 adseverat
1527 2386 1859 2435 certissimum
1905 2403 1977 2435 re·
2003 2399 2048 2438 32

288 2459 520 2507 medium.

175 2540 267 2585 151
397 2533 526 2581 Item
574 2535 712 2582 aliud
757 2533 987 2598 Apsyrti,
1036 2534 1169 2596 quod
1216 2549 1266 2582 se
1314 2534 1448 2596 apud
1497 2534 1751 2582 Sarmatas
1796 2534 1978 2582 vidisse

409 2680 431 2718 1
474 2674 778 2719 culiculorum
808 2677 824 2732 ss
856 2680 882 2718 3
915 2688 1038 2729 aqua
1070 2676 1078 2730 Ι
1112 2673 1304 2718 culiculi
1341 2675 1356 2730 ΙΙ
1388 2678 1416 2717 4
1447 2673 1653 2718 habeant
1681 2674 1697 2729 ΙΙ
1729 2679 1755 2717 9
1802 2688 1977 2730 ypopa-

288 2747 452 2778 nacem
490 2736 505 2791 ΙΙ
545 2739 598 2778 11
631 2733 781 2778 radici
812 2746 908 2777 sem
947 2735 963 2790 fl
1003 2737 1058 2777 15
1090 2732 1263 2777 callida
1286 2734 1302 2790 ss
1331 2737 1383 2777 18
1415 2733 1579 2776 ledunt
1606 2735 1613 2785 1
1645 2737 1697 2776 19
1732 2734 1933 2777 stet-cum
1967 2734 1975 2792 1

289 2805 393 2836 cum
435 2795 531 2837 sale
570 2792 916 2850 hammoniaco]
956 2791 1071 2849 μετὰ
1110 2791 1279 2842 &latos
1309 2791 1391 2836 καὶ
1422 2790 1726 2848 ἁμμωνιακοῦ
1759 2792 1818 2836 Η
1843 2795 1933 2836 117
1962 2794 1979 2852 11

288 2855 343 2894 21
378 2850 467 2895 alei
491 2853 507 2907 ΙΙ
530 2857 587 2896 23
612 2851 767 2896 aebuli
791 2852 807 2907 ΙΙ
830 2855 886 2894 26
914 2851 1126 2906 prebebis
1151 2852 1166 2908 ΙΙ
1190 2857 1243 2896 27
1270 2851 1549 2895 carchedoni
1573 2854 1588 2909 ΙΙ
1612 2856 1667 2895 32
1702 2851 1883 2908 adsyrti
1909 2852 1978 2907 (in

286 2912 495 2967 maryine
526 2912 671 2956 addit.
703 2925 846 2955 manu
875 2909 1106 2954 Politiani
1136 2912 1381 2967 Apsyrtus)
