2060 3232
838 147 1198 198 -12-

179 286 301 353 πρὸς
333 287 460 351 βῆχα
489 284 573 334 καὶ
603 282 866 350 βουλσούς,
901 276 1186 330 Ἀνατολίου
1218 279 1287 341 εἰς
1317 277 1372 328 τὸ
1404 277 1550 344 αὐτό,
1588 277 1705 329 ἄλλο
1737 279 1860 345 βήσ-

180 374 315 410 σοντι
338 358 586 428 ὑποζυγίῳ
609 361 704 406 κτλ.
719 352 773 421 1).
821 358 1082 417 praeterea
1106 353 1302 401 omissis
1332 353 1526 402 ultimis
1557 354 1611 401 in
1642 355 1860 403 editione

176 452 226 497 p.
267 436 370 483 307
412 433 575 483 verbis
622 429 675 478 ἐν
713 429 895 497 Κύρνῳ
941 434 998 495 τῇ
1044 425 1180 495 νήσῳ
1227 442 1266 474 e.
1301 443 1345 489 q.
1379 441 1416 474 s.
1485 427 1863 491 subiunguntur

178 508 213 554 f.
232 508 520 556 385—388
546 503 925 564 compositiones
949 500 1118 550 variae
1142 499 1326 562 viginti
1350 500 1584 563 quinque.
1624 502 1659 550 f.
1679 503 1855 550 389—-

180 581 286 630 393
311 581 557 628 tractatus
583 575 816 624 exhibent
839 574 898 622 de
922 573 1224 635 ponderibus
1250 574 1302 621 et
1323 574 1587 637 mensuris,
1610 575 1646 622 f.
1665 571 1862 623 ‘393‘—

180 650 302 702 394‘
319 651 660 714 longissimam
678 647 1088 709 compositionem
1104 646 1343 708 scriptam
1367 647 1467 694 alia
1481 662 1638 695 manu
1657 642 1862 712 Ἀλοιφὴ

180 724 341 791 θερμὴ
383 719 448 772 δι’
483 716 543 786 ἧς
574 720 895 785 θεραπεύσεις
933 719 1096 768 πάντα
1135 716 1337 768 τέτανον
1376 717 1662 786 ἀνθρώπων
1701 739 1750 770 τε
1779 720 1864 771 καὶ

181 798 343 847 ἵππων
381 800 477 846 κτλ.
517 812 616 844 non
654 796 918 858 integram.
986 794 1136 842 huius
1176 794 1358 842 codicis
1398 809 1482 842 eas
1519 797 1690 857 partes
1730 812 1862 858 quae

181 873 244 920 ad
282 870 607 933 Pelagonium
654 868 1021 930 scriptoresque
1070 868 1132 915 ab
1174 883 1231 916 eo
1280 867 1530 916 adhibitos
1576 869 1865 918 referuntur

178 946 231 992 in
269 961 435 991 meum
474 958 621 990 usum
661 941 855 990 contuli
891 941 1235 1004 lectionesque
1274 942 1487 990 selectas
1525 943 1780 1004 proposui.

290 1017 542 1064 Parisinos
575 1015 767 1063 codices
797 1015 1015 1063 minores
1045 1015 1296 1079 Millerus,
1327 1015 1535 1064 Notices
1570 1018 1621 1064 et
1653 1017 1863 1065 extraits

179 1091 296 1139 XXI
330 1093 359 1138 2
400 1107 445 1151 p.
482 1091 511 1138 5
533 1104 604 1151 sq.
642 1088 866 1138 breviter
901 1089 1168 1138 recensuit.
1238 1091 1357 1137 sunt
1395 1092 1568 1137 autem

289 1165 447 1211 Paris.
485 1178 534 1212 n.
566 1163 700 1210 1995
739 1162 998 1210 continens
1032 1161 1318 1225 Geoponiea
1344 1165 1394 1211 et
1423 1165 1622 1225 partem
1653 1162 1863 1227 Hippia-

177 1237 419 1285 tricorum
457 1236 749 1297 inscriptam
781 1235 962 1299 Βίβλος
1002 1235 1345 1301 ἱπποϊατρικῆς
1377 1234 1495 1300 μετὰ
1525 1234 1713 1296 πόσεως
1746 1231 1864 1305 (sic)

178 1306 544 1376 ἕρμηνευμένου
582 1308 876 1375 Σωστράτου
914 1307 999 1357 καὶ
1029 1305 1395 1375 Ἱπποκράτους.

290 1399 337 1432 n.
368 1386 507 1432 2091
546 1383 598 1430 in
639 1399 737 1446 quo
777 1384 953 1431 insunt
989 1398 1153 1445 pauca
1185 1384 1470 1447 fragmenta
1501 1383 1686 1432 codicis
1717 1384 1866 1433 modo

179 1458 390 1506 laudati.

288 1547 336 1578 n.
374 1532 516 1580 2244
561 1530 909 1594 bombycinuS‚
954 1545 1161 1578 mancus
1207 1546 1371 1593 neque
1417 1531 1602 1595 bonuS,
1650 1531 1865 1595 appictis

177 1604 386 1652 rudibus
425 1620 666 1666 equorum
703 1598 1080 1671 imaginibus2).

287 1694 336 1725 n.
367 1678 508 1727 2245
540 1679 852 1726 consentiens
891 1678 996 1725 fere
1035 1693 1149 1725 cum
1191 1676 1411 1740 Grynaei
1449 1671 1686 1744 codice3).

291 1750 470 1799 Codice
494 1751 857 1800 Barberiniano
881 1751 1230 1800 Valentinium
1252 1766 1403 1799 usum
1427 1766 1533 1800 esse
1563 1751 1617 1798 in
1642 1752 1861 1801 editione

179 1824 499 1887 Hippocratis
538 1826 934 1888 fragmentorum
973 1841 1126 1887 supra
1163 1841 1210 1886 p.
1248 1827 1314 1874 10
1353 1825 1655 1874 monuimus.

289 1898 633 1946 Bibliothecae
679 1899 984 1947 Bodleianae
1034 1898 1326 1947 Oxoniensis
1373 1899 1476 1947 cod.
1529 1899 1864 1948 Baroccianus

182 1970 383 2018 CLXIV
423 1972 716 2020 chartaceus
757 1987 882 2021 saec.
924 1972 1016 2020 XV
1062 1973 1298 2033 congruit
1340 1972 1445 2020 fere
1493 1988 1607 2020 cum
1645 1972 1866 2021 editione

182 2039 468 2110 Grynaei4).
522 2047 718 2107 plenior
742 2045 1169 2110 Cantabrigiensis
1201 2039 1334 2112 (coll.
1359 2046 1534 2095 Eman.
1561 2047 1666 2095 cod.
1695 2048 1742 2110 3,
1772 2039 1864 2112 19)

301 2173 344 2226 1)
375 2170 579 2215 Eaedem
611 2171 970 2228 compositiones
1000 2172 1161 2229 paullo
1194 2171 1333 2216 aliter
1362 2170 1584 2227 leguntur
1612 2170 1664 2215 in
1704 2171 1864 2217 codice

179 2228 390 2274 Parisino
422 2229 595 2275 Milleri
619 2231 681 2273 M
707 2236 765 2284 (v.
791 2230 953 2287 infra):
993 2247 1037 2287 p.
1065 2234 1120 2274 75
1160 2228 1266 2278 υος’
1301 2230 1428 2286 (περὶ
1466 2230 1607 2289 βηχὸς
1638 2226 1690 2275 ἐκ
1723 2247 1867 2275 κατα-

182 2287 406 2342 ψύξεως),
441 2294 494 2332 72
528 2288 643 2333 υνθ’
680 2289 920 2346 (σύνθεσις
952 2285 1293 2347 ἔγχυματισμοῦ
1324 2289 1440 2345 πρὸς
1471 2289 1626 2345 αὐτό),
1671 2295 1725 2334 73
1757 2289 1863 2348 υξβ’

181 2346 460 2403 (ἀρτηριακὴ
492 2347 608 2401 πρὸς
639 2349 802 2406 βῆχα),
837 2354 889 2392 73
922 2348 1026 2406 υξγ’
1062 2348 1302 2405 (σύνθεσις
1331 2347 1452 2404 πρὸς
1483 2346 1638 2404 αὐτό),
1671 2353 1728 2392 74
1758 2348 1866 2402 υξς’

182 2404 349 2460 (ἄλλο),
391 2410 447 2449 74
478 2405 575 2458 υξζ’
611 2407 744 2462 (πρὸς
783 2407 897 2451 αὐτὸ
938 2407 1019 2451 καὶ
1089 2410 1254 2452 οῦλσον
1296 2406 1539 2465 [βούλσους
1577 2405 1627 2450 in
1658 2405 1866 2463 capitum

178 2463 395 2565 ἒηᾱίοθὲ),
436 2468 492 2579 ’1)4
523 2464 635 2517 ‘nge'
677 2462 952 2521 (Ἀνατολιόυ
990 2482 1053 2524 πρ
1085 2483 1108 2518 ς
1138 2464 1309 2522 αὐτό),·
1339 2470 1393 2510 75
1425 2464 1528 2510 ‘voe'
1562 2464 1688 2523 (περὶ
1727 2466 1868 2525 βηχὸς

212 2525 326 2567 velat
348 2536 455 2566 στου
480 2556 489 2565 .

303 2584 350 2638 2)
380 2580 685 2626 Montfaucon
716 2581 836 2628 Bibl.
865 2583 979 2628 bibl.
1011 2583 1055 2627 II
1090 2587 1200 2638 735,
1231 2583 1313 2627 ubi
1342 2596 1436 2627 non
1459 2583 1579 2627 bene
1605 2582 1866 2638 descriptus

182 2641 266 2684 est.
308 2640 505 2684 eundem
531 2654 586 2684 ex
608 2639 788 2685 Halleri
811 2641 932 2687 Bibl.
958 2644 1079 2688 med.
1095 2644 1241 2700 praet.
1267 2643 1288 2686 I
1312 2657 1355 2698 p.
1382 2647 1469 2687 289
1494 2642 1657 2686 laudat
1676 2641 1868 2686 Eichen-

182 2698 364 2754 fekiius,
397 2699 564 2744 Annal.
595 2699 797 2744 Vindob.
829 2707 888 2744 44
920 2705 1071 2759 (1828)
1105 2701 1435 2758 Anzeigeblatt
1463 2716 1508 2758 p.
1534 2704 1591 2745 48
1624 2701 1729 2746 adn.

299 2760 344 2813 3)
385 2756 457 2800 Ad
505 2760 627 2801 hunc
672 2758 908 2803 Ruellium
952 2759 1247 2818 Hippiatrica
1287 2760 1456 2804 Latine
1497 2758 1755 2804 reddidisse
1798 2758 1868 2804 ait

182 2813 393 2860 Millerus
425 2815 650 2860 adhibitis
681 2820 735 2861 ut
764 2818 951 2863 videtur
981 2821 1085 2863 aliis
1116 2818 1262 2864 libris.

301 2876 346 2930 4)
378 2874 636 2930 Descripsit
664 2875 1048 2934 Darembergius‚
1089 2877 1315 2923 Archives
1357 2878 1440 2922 des
1470 2877 1685 2922 missione
1718 2877 1866 2923 scien-

182 2932 368 2989 tifiques
401 2936 449 2977 et
478 2933 730 2979 litteraires
760 2933 803 2978 II
835 2935 996 2991 (Paris.
1032 2938 1163 2993 1851)
1195 2951 1241 2993 p.
1270 2941 1368 2981 151.
