2060 3232
911 141 1271 193 -56—

140 273 237 320 104
356 278 525 326 Aliud.
605 278 795 327 radices
849 278 995 326 tritas
1048 293 1163 326 cum
1215 277 1322 342 vini
1373 277 1573 325 hemina
1626 293 1715 339 per
1766 292 1937 324 narem

252 352 507 401 sinistram
545 352 707 401 deicis.

140 429 235 475 105
363 426 532 474 Aliud.
577 425 887 474 rorismarini
910 441 1032 488 scrp.
1058 425 1175 489 IIII,
1198 441 1395 473 murrae
1421 440 1559 488 scrp.,
1584 424 1714 472 croci
1738 439 1860 485 scrp.
1885 423 1937 470 H

251 517 366 549 cum
403 499 510 549 vini
549 502 667 548 sext.
708 502 758 547 et
786 499 887 548 olei
917 500 1043 547 hem.
1083 515 1228 547 mane
1259 515 1350 561 per
1377 514 1550 546 narem
1580 497 1745 561 deicis,
1782 497 1935 545 hemi—

252 590 370 622 nam
407 574 460 621 in
498 573 589 621 die.
1982 580 2004 613 5

140 651 237 696 106
365 646 532 694 Aliud.
611 645 781 694 anethi
834 645 1154 694 acetabulum
1213 661 1401 708 unum,
1455 644 1543 692 iris
1604 643 1937 707 acetabulum,

251 723 395 769 rutae
436 736 581 783 scrp,
634 719 730 768 olei
775 719 1027 767 heminam
1072 718 1331 766 dimidiam
1368 733 1513 766 mane
1552 734 1641 780 per
1680 733 1734 766 os
1772 717 1937 765 deicis.

142 798 233 843 107
364 794 444 842 Ad
490 793 762 855 suspirium
806 793 887 841 vel
934 793 998 840 ad
1046 795 1247 841 tussem.
1318 792 1446 841 mori
1500 791 1683 840 radicis
1736 791 1940 839 tertiam

253 870 448 931 partem
487 867 692 929 scripuli
739 868 830 914 aut
873 866 1161 929 heliotropii
1207 866 1481 929 scripulum
1528 865 1791 913 dimidium
1828 863 1938 912 dili-

254 944 429 1006 genter
466 941 645 988 tritum
683 956 798 988 cum
835 940 941 989 vini
980 940 1129 989 calidi
1166 940 1366 988 hemina
1404 956 1494 1002 per
1532 955 1585 988 os
1625 938 1788 987 deicis.
1964 950 2007 982 10
2056 932 2060 934 ’

143 1018 238 1063 108
365 1015 445 1063 Ad
483 1017 685 1077 tussem,
727 1013 1044 1063 Columellae.
1080 1030 1275 1079 trecens
1306 1014 1460 1062 tussis
1491 1013 1701 1062 celerius
1734 1014 1942 1060 sanatur

254 1089 442 1151 pinsita
494 1089 627 1136 lente
679 1089 729 1136 et
775 1103 806 1135 a
852 1088 1070 1137 valvulis
1117 1090 1350 1151 separata
1401 1088 1695 1150 minuteque
1748 1086 1938 1135 molita.

254 1178 415 1225 aquae
456 1162 645 1210 calidae
684 1162 984 1210 tantundem
1021 1178 1284 1210 mensurae
1315 1162 1465 1210 lentis
1495 1161 1701 1209 misceto
1742 1177 1800 1209 ac
1829 1161 1940 1208 fau-

253 1236 392 1284 cibus
431 1235 683 1284 infundito
722 1252 813 1298 per
849 1235 1088 1284 triduum.
1161 1236 1493 1284 certissimum
1537 1234 1813 1283 remedium
1851 1235 1939 1283 est.

252 1312 398 1358 vetus
437 1309 591 1357 tussis
617 1309 902 1358 discutitur
938 1309 1075 1372 porri
1115 1325 1233 1358 suco
1280 1310 1437 1357 trium
1483 1309 1780 1371 cyathorum
1825 1324 1938 1357 cum
1965 1319 2030 1352 15⁴

259 1384 356 1432 olei
393 1384 593 1431 hemina
633 1383 972 1445 compluribus
1012 1383 1186 1431 diebus
1225 1384 1278 1431 in
1317 1384 1489 1432 fauces
1527 1383 1707 1431 infuso.

145 1460 242 1504 109
370 1457 450 1504 Ad
499 1460 689 1504 tussem
737 1457 819 1505 vel
870 1457 933 1505 ad
977 1459 1162 1506 vulsos.
1239 1458 1445 1521 panacis
1489 1456 1670 1505 radicis
1723 1471 1833 1504 unc.
1877 1455 1942 1519 H,

256 1531 511 1593 sulphuris
557 1531 662 1579 vivi
702 1557 771 1563 —
813 1531 859 1595 I,
916 1531 1045 1579 turis
1091 1532 1303 1580 masculi
1354 1558 1415 1565 —
1466 1531 1538 1595 H,
1593 1546 1791 1579 murrae
1841 1531 1942 1578 tro-

256 1604 396 1668 glitis
427 1631 488 1638 —
517 1604 543 1651 I
573 1605 626 1651 in
664 1620 825 1652 unum
863 1605 1136 1654 contundes
1170 1607 1220 1653 et
1249 1606 1493 1654 coclearia
1522 1604 1574 1652 H
1613 1621 1728 1653 cum
1765 1603 1943 1652 duobis

255 1678 362 1727 ovis
412 1680 463 1726 et
507 1678 624 1727 vino
671 1678 902 1727 faucibus
948 1679 1168 1727 infunde.
1243 1679 1575 1728 certissimum
1622 1681 1673 1726 et
1722 1678 1942 1725 salutare
1967 1692 2010 1723 20

253 1752 530 1800 remedium
569 1755 655 1800 est.

142 1828 237 1873 110
363 1825 445 1874 Ad
497 1828 687 1874 tussem
740 1826 1023 1890 physicum,
1078 1826 1290 1875 Emeriti
1341 1826 1672 1875 mulomedici.
1752 1825 1941 1874 arboris

253 1900 381 1947 ulmi
418 1902 614 1961 partem
652 1900 931 1949 comburito
973 1902 1023 1948 et
1069 1900 1121 1947 in
1171 1900 1387 1949 cinerem
1432 1901 1617 1964 levem,
1665 1899 1717 1947 id
1755 1901 1831 1947 est
1867 1899 1941 1946 fa-

252 1973 429 2022 villam
476 1989 629 2035 quam
677 1974 956 2038 appellant,
1003 1974 1204 2023 tundito
1252 1976 1304 2023 et
1352 1974 1404 2021 in
1454 1990 1588 2036 aqua
1633 1973 1788 2022 colari
1831 1989 1942 2035 per-

253 2047 458 2095 mittito.
529 2047 643 2095 inde
692 2063 879 2109 aquam
923 2048 1106 2111 ipsam,
1154 2048 1206 2096 id
1253 2050 1330 2096 est
1373 2048 1581 2096 lixivam
1627 2063 1741 2095 cum
1779 2062 1942 2109 aequa
1966 2059 2010 2091 25

254 2136 487 2168 mensura
543 2121 641 2169 olei
695 2121 944 2169 adiunctis
992 2122 1154 2169 tribus
1202 2122 1308 2171 ovis
1359 2122 1477 2170 dato
1524 2138 1613 2184 per
1658 2121 1762 2169 dies
1817 2122 1943 2183 quot

251 2195 485 2242 volueris.

147 2270 238 2314 111
367 2268 448 2315 Ad
487 2271 649 2316 tusses
686 2271 878 2317 veteres
919 2271 969 2317 et
1005 2269 1238 2318 vomicas.
1302 2285 1478 2318 sucum
1509 2268 1751 2317 marrubii
1783 2268 1940 2330 expri-

253 2342 376 2389 mito
416 2359 462 2403 p.
502 2342 653 2389 unius
690 2342 894 2406 denarii,
934 2343 1122 2391 caricas
1162 2344 1315 2392 siccas
1353 2343 1406 2391 id
1444 2345 1520 2391 est
1557 2342 1678 2390 ficus
1710 2360 1757 2390 n.
1787 2341 1940 2405 XXV,

253 2415 415 2462 mellis
446 2415 606 2464 Attici
645 2418 737 2463 aut
769 2415 925 2464 Siculi
957 2419 1076 2464 sext.
1119 2432 1153 2464 s.
1194 2417 1247 2464 in
1279 2418 1381 2466 olla
1418 2432 1549 2465 nova
1581 2415 1844 2478 decoquito
1878 2416 1941 2463 ad
1965 2427 2010 2459 30

255 2489 498 2537 dimidias.
556 2506 670 2538 cum
693 2490 958 2554 decoxeriS,
991 2491 1163 2538 eodem
1187 2491 1370 2538 adicies
1394 2506 1591 2538 murrae
1616 2489 1836 2553 troglitis
1860 2515 1939 2553 —,

375 2650 397 2688 1
430 2645 542 2690 uino
586 2647 601 2702 ΙΙ
639 2651 666 2697 3
700 2658 882 2702 myrrae
921 2646 937 2702 ΙΙ
975 2649 1001 2688 6
1047 2644 1239 2688 anethia
1277 2643 1544 2688 cetabulum
1582 2646 1598 2700 ΙΙ
1636 2649 1663 2688 8
1695 2643 1901 2688 radicem
1925 2645 1940 2702 Η

258 2709 284 2748 9
316 2704 569 2762 heliotropi
598 2707 613 2761 ΙΙ
646 2708 701 2748 10
734 2702 897 2747 callidi
928 2706 942 2761 ΙΙ
976 2707 1028 2747 11
1063 2703 1339 2748 culumellae
1362 2706 1379 2760 Ι]
1406 2707 1462 2747 12
1488 2703 1702 2746 ababulis
1726 2705 1741 2760 ΙΙ
1767 2708 1820 2746 13
1847 2703 1938 2746 cal·

255 2762 381 2808 lidae
416 2766 422 2818 Ι
458 2778 487 2807 a
525 2763 738 2808 faucibus
768 2763 783 2818 ΙΙ
817 2766 871 2805 15
909 2762 1029 2805 tussi
1066 2763 1082 2818 ΙΙ
1121 2766 1177 2806 16
1223 2766 1280 2806 011
1326 2761 1537 2819 pluribus
1559 2764 1575 2818 ΙΙ
1601 2766 1654 2806 17
1702 2761 1906 2806 radicem
1924 2761 1941 2819 Η

258 2826 313 2866 18
360 2835 543 2878 myrrae
586 2824 592 2879 Ι
633 2822 928 2879 τρωγλίτιδος
968 2828 1022 2878 γό
1071 2817 1119 2864 δ’
1153 2821 1217 2864 Μ
1256 2822 1375 2877 (cum
1424 2821 1674 2877 Pelayom'o
1719 2821 1940 2865 consentit

262 2880 386 2937 Vey.)
433 2882 448 2937 ΙΙ
496 2886 549 2925 19
582 2879 800 2925 coclxaria
839 2882 854 2937 ΙΙ
893 2885 949 2923 20
981 2893 1073 2923 uno
1111 2882 1128 2937 ΙΙ
1166 2884 1220 2924 22
1253 2881 1449 2936 fysicum
1488 2880 1502 2934 ΙΙ
1542 2885 1599 2924 24
1633 2879 1789 2924 tollito
1827 2881 1843 2936 ΙΙ
1882 2883 1938 2923 26

254 2939 377 2994 quod
402 2941 417 2996 ss
441 2943 494 2982 31
528 2953 710 2996 myrrae
