2060 3232
875 122 1281 175 -184—

359 251 458 298 350
497 250 745 309 Apsyrtus:
787 251 976 309 ἄριστον
1020 251 1072 296 δὲ
1112 252 1193 296 καὶ
1231 259 1386 297 τοῦτο·
1429 251 1566 311 στέαρ
1605 255 1808 311 χοίρειον
1847 256 1930 300 καὶ

239 311 414 355 πίσσαν
446 310 527 355 καὶ
558 310 717 368 κηρὸν,
751 311 851 355 ι”σον
892 306 1087 355 ἑκάστου
1126 311 1271 366 τήξας
1305 311 1386 356 καὶ
1424 315 1553 357 θεῶν
1592 314 1762 371 τρίψας
1792 315 1928 371 μῖξον

240 370 324 414 καὶ
355 368 512 414 ἔλαιον
546 365 734 427 ἐπιχέας
763 370 945 427 θερμὸν
978 365 1208 426 ἐνάλειφε.
1795 373 1797 375 ’

359 428 580 474 inlinas
611 429 702 474 vel
732 429 1028 487 per-ungis]
1063 429 1299 486 duplicem
1324 430 1497 474 codicis
1520 430 1849 476 R·lectionem
1872 446 1929 477 ex

235 488 422 546 ‘duobus
463 487 699 533 codicibus
748 487 995 533 conflatam
1037 490 1151 544 puto
1196 489 1345 532 altera
1385 492 1492 533 utra
1534 490 1809 535 sufficiente.
1870 491 1929 536 cf.

242 546 359 592 Mus.
383 548 530 592 Rhen.
555 550 613 590 46
637 562 681 602 p.
709 551 809 591 374.

361 606 455 651 351
488 606 604 661 Veg.
629 606 666 649 V
696 609 766 660 70,
791 609 820 649 4
853 605 978 661 apud
1009 618 1147 660 quem
1179 605 1311 650 deest
1342 619 1461 651 cera..
1510 607 1567 651 cf.
1595 608 1657 651 M
1678 612 1735 653 54
1766 609 1857 668 τβ’.

361 664 455 709 352
489 665 621 709 deest
650 664 700 707 in
730 664 777 707 B
806 663 1038 719 facileque
1071 663 1226 709 omitti
1256 664 1426 721 potuit,
1471 680 1574 710 cum
1615 667 1805 711 eaedem
1833 669 1931 714 fere

246 723 428 825 specie?
473 723 567 767 sint
609 725 750 778 atque
790 723 985 768 remedii
1023 722 1370 780 praecedentis,
1409 738 1560 780 neque
1599 724 1826 783 Vegetius
1863 728 1930 772 vi-

245 784 380 828 detur
433 797 455 826 e
490 782 596 827 isse.

367 798 551 887 353gH
572 845 653 885 191
690 840 831 898 οὔρου
856 843 1060 884 παλαιοῦ
1085 840 1249 898 τρυγὸς
1273 840 1462 899 γράμμα
1486 842 1537 886 α’
1563 845 1657 888 κτλ.
1692 844 1754 887 Μ
1767 847 1824 887 54
1840 844 1932 900 τ’γ’.

245 901 361 959 Veg.
387 902 428 945 V
456 905 526 954 70,
550 904 580 944 4
613 900 767 958 (scrib.
799 901 929 945 suilli
959 914 1044 956 pro
1075 901 1236 957 ovilli).

366 959 461 1004 354
500 959 616 1016 Veg.
643 959 684 1003 V
711 964 788 1014 70,
821 963 870 1002 4:
919 959 1157 1004 bituminis
1197 961 1353 1016 pondo
1399 960 1490 1004 duo
1499 994 1514 1016 ,
1561 962 1795 1018 sulphuris
1839 962 1934 1007 vivi

249 1020 462 1064 selibram
480 1054 493 1077 ‚
540 1033 665 1064 cerae
701 1019 889 1072 libram,
934 1032 1131 1062 mannae
1177 1019 1296 1063 turis
1335 1019 1549 1063 selibram
1587 1022 1837 1066 commisces
1881 1022 1934 1065 in

247 1080 362 1146 οῖεοἔ
410 1079 463 1146 in
511 1091 598 1180 quzo
636 1078 775 1134 prius
820 1078 1070 1132 fasciculus
1108 1078 1335 1122 anchusae
1382 1079 1585 1123 decoctus
1630 1084 1693 1124 est
1746 1084 1788 1124 et
1826 1094 1930 1137 per-

245 1152 311 1181 un
341 1150 382 1181 is
420 1151 473 1180 in
510 1149 558 1180 so
579 1150 613 1180 e.

311 1151 340 1194 9
364 1193 458 1239 355
491 1194 554 1238 M
580 1198 636 1237 54
667 1193 741 1238 τδ’
786 1193 962 1251 κριθὴν
994 1193 1079 1250 τὴν
1112 1189 1162 1238 ἐν
1194 1195 1359 1245 αὐλαῖς
1390 1193 1631 1253 φυομένην
1665 1194 1777 1245 δ’.ς’
1812 1196 1932 1255 (sic),

250 1253 473 1310 ἄκάνθην
506 1251 673 1304 αλέσας
705 1253 786 1297 καὶ
819 1251 1051 1313 ἐπιβαλὼν
1084 1248 1242 1298 ἐλαίου
1273 1256 1517 1312 Κυπρίνου
1556 1255 1607 1299 τὸ
1645 1257 1822 1313 ἀρκοῦν
1854 1257 1936 1300 καὶ

246 1313 439 1371 χλιάνας
471 1312 655 1370 σύγχριε
687 1312 820 1369 ἡλίου
851 1316 1033 1370 θερμοῦ
1067 1311 1212 1363 ὄντος.

365 1371 460 1416 356
492 1373 552 1416 Μ
577 1378 633 1416 54
664 1372 733 1417 ‘cs'
769 1372 1029 1432 βατράχους
1060 1367 1240 1427 ἑψήσας
1272 1369 1339 1422 εἰς
1376 1371 1502 1430 ὕδωρ
1535 1372 1742 1433 ἀνάβαλε
1779 1372 1935 1427 (ὕδατι

246 1432 401 1491 λαβών
434 1431 566 1476 codd.
601 1431 731 1476 Cant.
766 1433 815 1476 eb
851 1432 1014 1487 Lond.)
1054 1432 1209 1475 αὐτῶν
1247 1431 1328 1475 τὸν
1369 1429 1515 1489 ἰχῶρα
1557 1432 1639 1476 καὶ
1676 1431 1933 1490 πρόσμιξον

247 1487 432 1594 {laio}
441 1490 492 1534 τὸ
525 1490 703 1547 ἀρκοῦν
735 1490 816 1535 καὶ
850 1489 1117 1546 συνεψήσας
1147 1488 1346 1548 (ἔφησας
1377 1489 1507 1535 Cant.
1549 1493 1596 1536 et
1631 1491 1798 1550 Lond.)
1828 1498 1935 1549 χρῶ.

292 1564 363 1607 eg.
458 1553 528 1604 70,
558 1554 598 1595 5.

368 1609 458 1654 357
494 1607 588 1653 358
621 1608 736 1665 Veg.
761 1607 804 1651 V
829 1612 899 1664 70,
925 1611 950 1651 5
983 1610 1056 1666 (ex
1090 1608 1359 1653 Corbeiensi
1391 1608 1584 1653 restiizue
1617 1610 1845 1666 candido).

370 1666 464 1712 359
505 1666 680 1712 Colum.
707 1668 771 1712 VI
803 1672 880 1723 32,
907 1672 932 1711 2
980 1667 1054 1724 (cf.
1079 1668 1137 1712 H
1165 1673 1247 1712 191
1280 1667 1309 1723 ἡ
1341 1667 1481 1725 ψώρα
1519 1666 1754 1724 πολλάκις,
1793 1666 1840 1712 εἰ
1874 1668 1936 1725 μὴ

254 1727 481 1786 βοηθείας
503 1726 648 1784 τύχοι,
680 1725 896 1771 θάνατον
920 1725 1231 1784 ἀπεργάζεται
1253 1730 1365 1784 κτλ.)
1388 1729 1638 1784 praecipue
1660 1732 1809 1772 tamen
1831 1729 1939 1772 huic

254 1800 401 1831 noxae
417 1788 638 1831 salutaris
669 1791 732 1831 est
763 1787 901 1842 adeps
930 1787 1105 1831 marini
1126 1787 1277 1843 vituli,
1306 1788 1384 1832 sed
1414 1788 1456 1831 si
1484 1787 1579 1831 iam
1609 1788 1938 1842 inveteraverit,

255 1846 656 1890 vehementioribus
688 1858 803 1901 opus
826 1850 891 1890 est
913 1846 1122 1890 remediis
1153 1858 1191 1889 e.
1212 1860 1252 1901 q.
1273 1861 1306 1891 s.
1346 1844 1608 1890 versionem
1631 1845 1939 1902 Pelagoniani

258 1904 521 1961 argumenti
559 1903 782 1949 exhibent
811 1906 998 1960 praeter
1030 1904 1094 1947 M
1122 1908 1178 1949 54
1209 1903 1283 1952 τς’
1326 1904 1510 1949 codices
1542 1903 1938 1961 Cantabrigiensis

253 1966 303 2008 et,
324 1962 665 2018 Londiniensis,
689 1963 737 2007 in
762 1962 930 2018 quibus
949 1961 1205 2021 ‘Hooffovov
1227 1977 1399 2008 nomen
1422 1963 1627 2008 auctoris
1651 1963 1936 2020 adscriptum

253 2023 337 2067 est.
386 2022 441 2066 cf.
469 2022 624 2066 adnolz.
652 2025 752 2066 360.

369 2081 544 2137 adeps
599 2081 775 2124 vituli
827 2079 1053 2139 marini]
1111 2077 1261 2138 evinco
1306 2080 1512 2138 πρόσαγε
1567 2081 1772 2137 φώκειον
1817 2081 1937 2126 bene

252 2139 383 2184 Canb.
418 2142 466 2183 et
495 2140 642 2184 Lond.
676 2138 944 2196 (σκρόφειον
977 2141 1070 2197 M).

370 2198 630 2243 bitumen
677 2212 797 2242 cum
846 2198 1118 2255 sulphure
1165 2201 1221 2243 et
1279 2199 1468 2244 atroci
1514 2198 1641 2256 pice
1689 2197 1936 2257 liquida]

261 2257 541 2302 Columella:
576 2259 775 2302 bitumen
806 2262 847 2301 et
877 2259 1070 2314 sulphur
1101 2263 1142 2303 et
1171 2263 1400 2303 veratrum
1428 2259 1526 2314 pici
1556 2259 1758 2316 liquidae
1789 2272 1937 2303 axun-

254 2319 440 2373 9iaeque
455 2318 591 2361 veteri
608 2318 849 2362 commixta
857 2319 973 2373 pari
985 2318 1181 2373 pondere
1197 2318 1521 2374 incoquuntur.
1547 2317 1640 2362 iam
1655 2316 1936 2361 Schneidero

254 2380 485 2421 veratrum
523 2376 640 2419 adeo
679 2389 773 2419 non
811 2375 992 2431 placuit
1032 2377 1086 2420 ul:
1126 2378 1412 2432 proponeret,
1454 2382 1495 2421 et
1535 2378 1730 2433 sulphur
1770 2377 1936 2420 vivum.

258 2433 513 2489 requiritur
566 2435 745 2488 autem,
803 2433 843 2478 si
895 2434 1036 2477 fidem
1089 2434 1314 2479 habemus
1366 2435 1613 2492 interpreti
1665 2434 1937 2492 (ἄσφαλτον,

252 2489 459 2549 θέαφον,
500 2491 618 2547 ὅξος,
649 2494 821 2536 πίσσαν
853 2492 1024 2549 ὑγρὰν,
1057 2493 1312 2549 ἀξουγγίαν
1342 2493 1550 2537 παλαιάν
1583 2495 1656 2549 Μ,
1696 2493 1935 2549 ἄσφαλτον

261 2549 344 2596 οὖν
376 2551 457 2596 καὶ
486 2554 624 2595 θεῖον
657 2550 738 2595 καὶ
770 2551 875 2604 ὄξος
899 2551 1027 2597 Cant.
1053 2552 1216 2606 Lond.‚
1249 2551 1489 2608 ἄσφαλτον
1528 2551 1643 2609 μετὰ
1679 2553 1817 2595 θείου
1857 2551 1938 2595 καὶ

252 2612 420 2667 πίσσης
450 2612 593 2668 ὑγρᾶς
616 2610 698 2654 καὶ
729 2610 979 2667 ἀξουγγίου
1010 2613 1213 2654 παλαιοῦ
1245 2612 1301 2654 Η
1330 2613 1457 2668 192),
1489 2616 1683 2665 acetum,
1714 2612 1768 2653 ui:
1805 2610 1936 2654 Pela-

254 2672 394 2727 gonio
427 2669 666 2715 vindicare
699 2669 929 2727 possimus
962 2683 1064 2714 cum
1093 2671 1311 2726 sulphure
1340 2674 1382 2715 et
1412 2674 1535 2714 aceto
1567 2668 1735 2725 (acri.9)
1768 2675 1810 2714 et
1831 2671 1937 2726 pice

253 2730 432 2785 liquida
464 2743 502 2773 e.
528 2744 569 2784 q.
597 2743 630 2774 s,

373 2787 467 2833 360
520 2788 636 2845 Veg.
662 2788 703 2832 V
730 2792 807 2844 70,
835 2792 860 2831 6
905 2789 946 2832 si
973 2791 1190 2833 vetustate
1211 2788 1383 2833 scabies
1413 2789 1624 2832 occalluit
1656 2788 1940 2842 (obcalluerit

260 2846 427 2902 Corb.)‚
471 2849 605 2903 prius
652 2848 919 2892 abradenda
966 2847 1213 2903 (eradenda
1259 2845 1411 2902 Corb.)
1451 2848 1572 2901 ferro
1611 2848 1678 2891 vel
1716 2847 1838 2891 testis
1875 2847 1938 2890 ad

253 2907 407 2950 vivum
450 2910 535 2962 est,
573 2907 763 2963 insuper
792 2908 991 2951 humano
1033 2907 1139 2951 lotio
1180 2919 1281 2951 cum
1321 2920 1442 2962 aqua
1488 2907 1673 2951 marina
1710 2906 1778 2950 vel
1813 2905 1938 2949 salsa
