2060 3232
807 131 871 138 —
942 101 1056 155 ,197
1141 133 1203 139 -

78 235 83 239 ’
166 231 224 275 τὰ
247 235 309 290 τῷ
334 232 458 289 αὐτῷ
482 229 633 275 πάθει
662 229 911 287 πρόσφορα
943 228 1061 274 nav?
1098 225 1296 287 ἑκάστην
1321 232 1454 276 δίδου
1480 230 1506 287 ἢ
1532 233 1582 278 τὸ
1609 234 1689 278 διὰ
1712 233 1850 280 πέντε
1905 225 1915 235 ’

168 291 330 346 ξηρίον
363 288 391 344 ἢ
425 289 540 333 ἄλλα
564 290 751 345 πόματα
775 288 894 345 ἅπερ
920 287 1008 332 εἰσὶ
1031 295 1086 346 τῇ
1110 288 1423 349 προειρημένῃ
1449 291 1568 350 νόσῳ
1600 293 1849 349 ἀναγκαῖα,

166 348 230 393 Μ
246 355 310 452 ΞΙ2
344 348 409 462 ξζ)’
445 347 706 405 (praecedit
736 349 1038 404 Πελαγωνίου
1062 348 1177 405 πρὸς
1209 344 1535 404 ἐλεφαντίασιν
1560 352 1850 409 προπότισμα

165 502 172 508 .
285 464 450 522 Lycii
489 463 666 523 aridi]
713 465 983 510 dubitanter
1021 465 1208 522 scripsi,
1249 480 1354 510 cum
1400 466 1542 512 fuisse
1589 469 1738 524 possit
1774 471 1851 524 fici

167 525 332 570 aridae
363 524 442 582 (cf.
466 525 581 580 ficus
602 525 724 569 sicea
749 528 849 568 131.
874 525 992 582 227).
1026 526 1188 568 συκιόυ
1221 526 1363 583 ξηροῦ
1386 526 1436 570 in
1460 526 1518 571 H
1541 526 1653 570 ferri
1675 529 1849 583 nequit.

138 582 329 633 >Miuwv
362 582 500 627 arbor
539 582 725 640 spinosa
763 582 1070 640 (πυξάκανθα
1111 585 1257 629 altero
1296 585 1500 642 nomine)
1542 587 1632 642 est,
1671 599 1727 630 ex
1758 601 1852 642 qua

167 642 560 687 medicamentum
590 642 646 686 fit
677 640 885 686 eiusdem
915 643 1118 687 nominis
1151 643 1228 700 (cf.
1254 644 1359 687 adn.
1388 646 1478 701 57.)

250 702 255 706 ”
288 702 592 756 antequam
634 703 695 745 ut
736 701 891 759 tunc]
937 702 976 745 si
1015 701 1223 746 delemus
1259 701 1379 746 nihil
1426 702 1735 759 debideratur,
1781 704 1850 747 in-

169 762 349 863 tffies
403 760 592 805 omittit.
681 761 887 817 cogitare
940 762 1102 806 tamen
1155 761 1300 817 possis
1354 766 1597 819 antequam
1649 767 1853 807 uruntur

165 834 203 863 ει
294 833 350 865 ιε..
402 833 408 836 ·

202 890 212 898 ·
289 878 384 922 450
413 879 539 922 recte
570 877 797 921 insertum
829 876 976 933 capiti
1016 877 1123 934 περὶ
1156 877 1294 936 βηχός
1326 878 1382 921 Η
1404 883 1457 923 79
1489 879 1723 930 πολλάκις
1742 880 1851 938 βήσ-

171 950 330 981 σουσιν
362 937 522 986 ἵπποις
552 935 635 979 καὶ
663 934 875 993 ἡμιόνοις
906 939 997 981 κτλ.
1032 937 1447 992 (restituendumne
1486 941 1610 995 equis
1647 944 1688 983 et
1718 941 1854 984 mulis

165 1009 250 1052 pro
306 996 432 1052 equis
484 994 692 1049 multis?)
786 995 847 1038 M
897 999 953 1038 80
1017 994 1127 1050 ‹pne'
1184 995 1300 1053 πρὸς
1363 997 1482 1055 βῆχα
1538 997 1618 1041 διὰ
1675 995 1851 1054 πείρας.

166 1053 281 1112 Veg.
308 1053 350 1098 V
375 1059 445 1109 69,
473 1057 511 1098 1.
537 1058 563 1097 2
598 1055 647 1098 et
676 1052 743 1097 VI
767 1059 807 1108 9,
834 1059 962 1098 5-7,

289 1113 414 1157 dum
446 1113 716 1168 coquitur
733 1111 1116 1172 <quamdiu>a
1148 1114 1426 1168 quattuor
1457 1115 1614 1173 sext]
1647 1115 1845 1160 foi-tasse

172 1171 443 1229 simplicius·
478 1173 620 1216 donec
666 1186 707 1216 a-
726 1176 943 1228 quattuor
989 1173 1204 1218 sextariis
1253 1171 1435 1216 omissis
1478 1174 1658 1217 ceteris.
1689 1172 1742 1217 Η
1773 1178 1850 1219 8οε

169 1231 368 1287 ποίησον
417 1228 545 1284 ζέσαι
583 1231 804 1275 τοσοῦτον
845 1228 954 1275 ὅσον
998 1230 1092 1274 ἀπὸ
1132 1229 1364 1287 τεσσάρων
1404 1232 1573 1285 ξεστῶν
1611 1237 1733 1289 τρεῖς
1779 1228 1854 1276 ἒν-

169 1295 440 1347 απομεῖναι.
474 1290 698 1345 Vegetius
729 1290 883 1346 priore
916 1290 1019 1334 loco
1050 1294 1229 1334 tantum
1259 1292 1429 1344 ferveat
1460 1292 1598 1336 donec
1636 1296 1853 1348 quattuor

56 1390 63 1398 .
150 1350 364 1394 sextaria·
393 1353 672 1403 remaneant,
703 1349 961 1406 posteriore
993 1350 1213 1405 decoquas
1244 1350 1385 1394 donec
1407 1355 1529 1406 aqua
1553 1350 1615 1394 ad
1638 1355 1853 1407 quattuor
1934 1395 1939 1399 ,

165 1409 392 1454 sextarios
423 1408 548 1464 (ΙΙΙ
570 1412 678 1453 sext.
712 1406 868 1463 Corb.)
898 1408 1149 1464 rediqatur.

284 1466 400 1512 Post
428 1467 518 1511 hoc
550 1465 943 1511 medicamentum
980 1465 1032 1509 in
1070 1465 1231 1511 codice
1268 1466 1406 1510 unius
1444 1475 1604 1511 versus
1643 1467 1848 1524 spatium

161 1539 376 1629 vacqxgnl
393 1527 580 1628 essBiz-300
614 1582 838 1643 βοήθημα
870 1582 936 1634 εἰς
966 1583 1102 1640 πάθη
1138 1583 1348 1641 διάφορα
1380 1583 1461 1628 καὶ
1491 1584 1607 1641 πρὸς
1637 1584 1688 1628 τὸ
1707 1584 1854 1635 ,σκιὰς

167 1639 220 1688 ἐκ
258 1650 350 1688 τῶν
391 1642 598 1702 στάβλων
647 1643 813 1696 διῶξαι
854 1643 941 1699 (ita
985 1644 1159 1687 lemma
1203 1644 1542 1688 restituendum
1584 1643 1853 1688 iuvantibus

48 1692 53 1695 ’
100 1715 121 1731 -·
166 1702 300 1748 codd.
333 1703 455 1747 P'et
486 1703 548 1746 M
579 1707 664 1746 136
697 1700 809 1763 ᾳο’).
857 1701 915 1746 cf.
940 1702 1045 1747 adn.
1071 1706 1171 1747 448.
1635 1760 1638 1763 Δ

289 1761 383 1807 452
414 1761 643 1813 insertum
672 1761 722 1804 in
752 1761 810 1804 H
828 1765 884 1805 22
917 1759 1062 1818 capiti
1085 1759 1194 1818 περὶ
1219 1756 1584 1816 ἐλεφαντιῶντος
1615 1759 1853 1817 adscripto
1920 1787 1926 1792 -

92 1868 95 1869 ⁷
163 1820 411 1877 Pelagonii
434 1819 643 1866 nomine:
670 1821 990 1876 (Πελαγωνίου
1023 1819 1279 1876 σύγχρισμα
1303 1818 1369 1870 εἰς
1399 1819 1450 1863 τὸ
1475 1819 1588 1863 αὐτὸ
1612 1818 1772 1870 πάθος
1791 1820 1854 1870 P)

163 1880 296 1936 οἴνου
332 1877 445 1935 S'y',
487 1874 644 1922 ἐλαίου
683 1877 873 1935 ἡμίναν,
915 1880 1057 1934 σίτου,
1097 1882 1303 1934 κρυθῶν,·
1343 1877 1522 1938 ὀρόβων
1555 1876 1741 1936 (ὀρόβου
1772 1878 1852 1932 Ρ),

166 1934 442 1997 ἐρεβίνθων,
475 1937 735 1994 φασιόλων,
767 1939 1039 1995 λαθυρίδων
1079 1937 1179 1981 ἀνὰ
1212 1935 1275 1991 ξέ.
1336 1932 1460 1991 ένὸς,
1501 1936 1656 1980 πάντα
1698 1934 1766 1986 εἰς
1797 1934 1852 1980 ἓν

76 1999 78 2001 ’
165 1995 448 2054 καθέψησον
480 1997 562 2041 καὶ
593 1997 873 2053 ἀνελόμενος
903 1995 961 2040 τὰ
991 1994 1308 2054 προειρημένα
1333 1995 1413 2040 καὶ
1438 1994 1583 2052 μόνον
1614 1995 1666 2039 τὸ
1693 1993 1852 2067 ἕψημα

166 2057 388 2114 τριτώσας
428 2055 536 2101 ὅλον
577 2050 801 2115 ἀπότριβε
840 2055 922 2100 τὸν
963 2056 1108 2100 ἵππον
1147 2054 1228 2099 καὶ
1266 2056 1608 2112 προποτίσματι
1654 2067 1850 2111 κεχρησο
1919 2054 1923 2057 ’

166 2120 242 2175 ’ζῷ’
259 2113 567 2175 ὑποκειμένῳ.
620 2114 917 2171 προπότισμα
942 2112 1008 2165 εἰς
1030 2114 1082 2158 τὸ
1107 2113 1234 2158 αὐτό.
1280 2115 1411 2158 οἴνου
1435 2116 1638 2158 παλαιοῦ
1663 2111 1852 2170 ἡμίναν,

165 2173 359 2234 λιβάνου
391 2182 445 2231 γᾶ
479 2174 543 2233 β’,
576 2173 743 2218 κόστου
774 2181 829 2230 γό
862 2173 924 2232 β’,
958 2171 1145 2224 στέατος
1176 2171 1356 2228 αἰγείου
1388 2180 1442 2229 γό
1482 2169 1548 2224 α,’.
1610 2178 1757 2215 ταῦτα
1789 2169 1855 2221 εἰς

163 2231 220 2277 ἓν
251 2232 422 2283 λεάνας
453 2228 669 2292 ἐπίβαλλε
699 2232 1010 2290 ὑδρομέλιτος
1029 2231 1204 2289 ἡμίναν
1236 2231 1318 2276 καὶ
1355 2230 1602 2287 προπότιζε
1635 2226 1713 2274 ἐπὶ
1743 2228 1855 2286 ἡμέ-

165 2308 269 2348 ραις
308 2293 442 2349 τρισί,
504 2297 559 2349 τῇ
601 2290 653 2335 δὲ
695 2291 888 2350 τετάρτῃ
930 2292 1040 2350 οἱνῳ
1073 2290 1154 2334 καὶ
1186 2286 1323 2350 ἐλαίῳ
1362 2289 1632 2347 προστιθεὶς
1661 2289 1743 2333 καὶ
1773 2291 1855 2333 λα-

168 2350 314 2424 σάρου
347 2359 400 2424 γΙό
433 2349 483 2394 α’
518 2350 690 2408 ὁμοίως,
719 2347 799 2406 ἐφ’
837 2346 1015 2406 ἑτέραις
1052 2349 1201 2407 τρισὶν
1240 2348 1436 2406 ἡμέραις
1472 2347 1641 2401 πότιζε.
1706 2349 1768 2392 Μ
1796 2352 1852 2392 22

165 2411 220 2466 ξη
288 2411 382 2514 {53
416 2469 479 2513 M
510 2472 593 2513 125
626 2467 705 2529 ay'
740 2468 995 2526 σύγχρισμα
1027 2467 1232 2525 ἅρματος
1263 2466 1377 2523 ὅπερ
1409 2464 1739 2522 κουδριγάριον
1770 2481 1855 2509 κα-

167 2530 327 2572 λεῖται.
391 2527 510 2572 ὀποῦ
542 2525 767 2582 πάνακος,
800 2528 1063 2585 καστορίου,
1095 2524 1330 2586 χαλβάνης
1360 2524 1523 2584 (ἀνὰ)
1548 2533 1601 2581 γό
1634 2524 1696 2583 β’,
1728 2539 1854 2581 τερε-

170 2588 404 2646 βινθίνης,
439 2583 627 2643 ῥητίνης
659 2592 880 2643 φρυκτῆς,
914 2583 1102 2644 ῥητίνης
1131 2585 1358 2641 πιτυΐνης,
1393 2583 1634 2643 βουτύρου,
1667 2580 1855 2639 ῥἠτίνης

11 2646 17 2662 ²
99 2685 103 2688 .
166 2647 406 2702 Βρυττίας,
439 2646 704 2702 ἀξουγγίας,
738 2641 896 2689 ἐλαίου
927 2647 1188 2702 Κυπρίνου,
1229 2640 1386 2688 ἐλαίου
1417 2643 1674 2698 δαφνίνου,
1707 2647 1852 2698 κηροῦ

167 2704 461 2749 λευκοῦ-ἀνὰ
491 2707 528 2750 λ.
561 2704 634 2748 α’.

151 2763 156 2768 ’
287 2763 384 2809 454
423 2763 479 2807 H
506 2768 591 2808 281
633 2763 928 2820 προπότισμα
968 2761 1232 2819 χειμερινόν
1270 2761 1316 2805 h.
1351 2774 1387 2804 e.
1421 2759 1551 2817 potio
1582 2757 1852 2813 hibernalis,

166 2836 262 2867 non
292 2821 514 2877 vernalia,
545 2823 628 2866 sed
659 2822 775 2879 Veg.
801 2821 844 2864 II
870 2826 925 2865 31
965 2835 1065 2867 vere
1094 2834 1198 2866 vero
1238 2825 1279 2865 et
1316 2824 1538 2864 autumno
1579 2819 1686 2863 haec
1723 2818 1853 2866 detur

159 2881 304 2938 potio.
346 2880 422 2937 (cf.
441 2879 773 2938 Placid.gloss.
788 2895 834 2938 p.
849 2884 906 2925 84
924 2879 1174 2937 Deuerling
1198 2893 1233 2924 s.
1256 2893 1299 2923 v.
1325 2878 1522 2924 vernalis
1554 2880 1602 2922 et
1631 2877 1852 2932 ver-nilis.)
