2060 3232
885 94 1253 148 ψ,341Μ

228 234 321 282 aut
367 227 503 297 (si),
553 246 668 281 cum
713 230 802 279 diu
848 229 1098 293 steterint,
1151 229 1315 278 subito
1367 229 1431 277 ad
1481 244 1683 289 cursum
1731 229 1920 279 fuerint

227 306 498 370 stimulati,
550 307 640 354 aut
685 304 728 352 si
774 320 864 353 suo
910 305 1131 366 tempore
1169 303 1369 351 urinam
1412 319 1513 351 non
1550 303 1779 368 fecerint,
1829 306 1921 352 aut

227 380 464 429 sudantes
497 381 548 428 et
578 395 609 427 a
638 377 970 427 concitatione
1002 377 1174 425 statim
1203 376 1432 425 biberint.
1489 377 1672 439 quibus
1701 377 1920 426 remedia

226 455 350 503 haec
400 470 431 502 a
477 452 750 502 maioribus
799 451 1046 514 profuisse
1097 450 1377 513 accepimus
1427 451 1479 499 et
1522 451 1761 499 facientes
1807 466 1919 500 nos-

226 528 429 590 metipsi
468 526 658 590 experti
696 539 882 573 sumus,
1966 535 1988 568 5

180 610 212 655 5
338 601 420 649 Ad
451 616 645 650 omnem
674 598 917 662 morbum,
951 596 1200 646 Gallicani
1229 594 1350 646 x‘rT‘e‘.
1383 595 1516 646 cor—is.
1579 599 1632 647 to
1665 597 1919 661 diapente:

228 675 515 740 gentianae,
564 671 933 734 aristolochiae,
976 668 1211 719 bacarum
1248 670 1402 735 lauri,
1448 686 1669 736 murrae,
1714 686 1920 720 rasurae

228 749 401 797 eboris.
481 746 646 796 omnia
691 746 813 793 haec
861 744 1034 807 aequis
1072 744 1375 806 ponderibus
1424 747 1577 793 tunsa
1614 747 1666 794 et
1703 745 1921 794 cribrata

229 823 517 871 adunantur
555 823 606 868 et
642 819 812 882 pulvis
851 819 1106 867 confectus
1145 819 1407 881 reponitur
1445 821 1496 867 et
1532 818 1587 866 in
1624 819 1920 868 necessitate

227 895 480 959 profertur
518 897 568 942 et
606 893 757 941 datur
795 893 886 941 sic:
926 893 1145 941 cocleare
1185 892 1372 956 grande
1410 893 1616 955 plenum
1646 893 1763 942 vino
1794 893 1917 942 mix-
1945 906 1988 941 ιο

226 972 338 1017 tum
374 967 603 1017 faucibus
643 966 824 1015 cotidie
862 966 1083 1030 infunde,
1123 982 1237 1015 cum
1275 966 1610 1015 necessarium
1641 967 1747 1015 erit.
1819 983 1921 1016 cer-

228 1043 452 1091 tissimus
491 1043 542 1090 et
581 1041 817 1088 salutaris
856 1040 1024 1102 pulvis
1064 1041 1151 1088 est.

183 1125 214 1169 6
340 1115 421 1163 Ad
451 1115 693 1178 morbum,
732 1113 895 1163 Litori
924 1114 1267 1163 Beneventani
1303 1111 1345 1164 E.
1378 1113 1424 1164 ἦ.
1495 1114 1657 1177 primo
1690 1115 1918 1176 depecte-

227 1189 413 1238 randus
453 1191 548 1253 est,
596 1187 772 1236 deinde
811 1188 943 1236 inter
981 1202 1127 1236 coxas
1168 1188 1440 1250 deplendus
1480 1190 1577 1253 est,
1616 1188 1702 1237 sed
1743 1186 1835 1251 [et]
1877 1189 1920 1237 si

225 1263 494 1312 necessitas
532 1262 705 1326 fuerit,
746 1264 797 1310 et
835 1261 1266 1324 detemporandus
1344 1262 1511 1311 cibum
1557 1261 1756 1311 debebit
1794 1263 1919 1311 acci·
1944 1273 1987 1307 15

226 1353 342 1400 pere
380 1336 712 1399 multiplicem
749 1335 802 1383 id
841 1337 916 1384 est
952 1334 1125 1384 hordei
1170 1335 1406 1400 farinam,
1458 1335 1658 1385 seminis
1704 1336 1920 1384 farinam

227 1411 278 1458 id
318 1412 394 1458 est
430 1411 509 1458 far
547 1409 857 1473 cantabrum,
895 1409 1032 1458 faeni
1062 1409 1325 1458 modicum.
1397 1412 1448 1458 et
1485 1409 1637 1458 facies
1667 1410 1923 1472 potionem

225 1484 526 1547 huiusmodi,
560 1499 712 1546 quam
744 1483 884 1531 dabis
916 1499 1006 1546 per
1035 1498 1201 1532 nares:
1233 1486 1567 1548 centauream,
1598 1483 1922 1548 absinthium,

226 1558 571 1621 peucedanum
602 1558 775 1620 aequis
806 1556 1109 1619 ponderibus
1141 1556 1375 1621 decoquis
1412 1558 1466 1605 in
1496 1557 1613 1607 vino
1653 1557 1924 1607 sufficienti

227 1634 279 1680 et
317 1631 457 1679 dabis
495 1648 584 1694 per
621 1646 779 1680 nares
1946 1643 1989 1676 20

183 1713 208 1758 7
337 1705 467 1754 Item
512 1705 663 1753 aliud.
742 1721 1056 1754 cucumerem
1101 1705 1388 1754 silvaticum
1430 1705 1552 1754 teris
1603 1708 1694 1753 aut
1731 1704 1921 1754 radices

227 1779 386 1841 ipsius
425 1779 688 1828 contundis
729 1781 779 1827 et
817 1779 976 1827 cernis
1016 1781 1066 1828 et
1112 1795 1226 1827 cum
1263 1779 1370 1828 vini
1408 1779 1636 1828 sextariis
1674 1779 1752 1827 ΠΙ
1789 1795 1920 1828 com-

227 1852 402 1901 misces
458 1855 509 1901 et
559 1853 680 1900 nitri
733 1853 844 1900 triti
898 1856 949 1901 et
994 1853 1117 1901 creti
1162 1869 1272 1902 unc.
1322 1854 1480 1902 semis
1558 1853 1707 1901 simul
1754 1853 1922 1902 omnia

228 1926 495 1990 diligenter
539 1927 659 1975 teris
706 1928 757 1974 et
803 1926 917 1975 inde
963 1927 1194 1989 potionas
1241 1926 1415 1975 diebus
1467 1928 1702 1990 quinque.
1778 1943 1919 1990 prae-

227 2001 365 2048 terea
401 2001 659 2062 pulverem
697 2000 755 2048 de
794 2000 1044 2048 radicibus
1075 2001 1351 2049 cucumeris
1388 2001 1605 2050 silvatici
1634 2002 1716 2050 vel
1754 2001 1921 2064 ipsum
1944 2012 1987 2046 25

228 2089 541 2122 cucumerem
584 2074 765 2122 tritum
809 2074 861 2121 in
909 2090 1094 2136 aquam
1138 2074 1322 2140 mittis,
1378 2091 1531 2137 quam
1579 2077 1793 2137 poturus
1844 2077 1920 2123 est

229 2147 318 2209 qui
354 2147 551 2209 patitur
587 2148 829 2196 morbum.

182 2229 212 2274 8
338 2221 467 2270 Item
504 2221 671 2284 pulvis
712 2220 888 2283 Optati
926 2221 1112 2270 faciens
1160 2222 1224 2271 ad
1268 2222 1499 2271 morbum
1546 2226 1596 2271 et
1635 2223 1699 2271 ad
1739 2223 1916 2271 omnia.

229 2293 411 2342 libram
462 2295 642 2343 herbae
695 2295 938 2359 Sabinae,
994 2295 1257 2360 trixaginis
1320 2312 1431 2345 unc.
1473 2296 1572 2360 ΠΙ,
1623 2298 1919 2345 centaureae

229 2383 340 2416 unc.
380 2367 452 2431 H,
507 2368 854 2416 aristolochiae
910 2385 1020 2417 unc.
1061 2369 1185 2433 HII,
1231 2369 1470 2417 bacarum
1530 2371 1663 2418 lauri
1701 2386 1811 2418 unc.
1852 2370 1916 2434 H,
1942 2381 1986 2414 30

229 2457 428 2489 murrae
491 2457 618 2496 unc„
661 2441 784 2490 IIII:
853 2443 1019 2490 omnia
1085 2443 1357 2491 contundes
1424 2446 1475 2491 et
1536 2460 1702 2493 cernes
1759 2447 1809 2492 et
1866 2444 1918 2491 in

350 2599 373 2638 1
408 2596 449 2639 si
480 2597 664 2642 addidit
695 2596 852 2642 Sarch.
877 2597 892 2653 ΙΙ
918 2603 942 2642 6
974 2602 1077 2649 Π
1109 2601 1236 2642 con—s.
1268 2598 1318 2642 to
1351 2597 1571 2654 diapente
1603 2599 1788 2655 scripsi:
1827 2602 1918 2641 uffi

231 2658 345 2700 θοῇ
376 2655 531 2700 stodia
560 2657 700 2712 pente
723 2657 739 2713 ΙΙ
764 2660 788 2700 7
819 2669 1002 2712 myrrae
1024 2657 1039 2713 ΙΙ
1063 2661 1089 2700 9
1122 2656 1354 2702 adunatur
1375 2658 1391 2713 ΙΙ
1417 2660 1470 2700 11
1503 2657 1684 2702 ηῐ-ἲῐίυω
1709 2660 1723 2715 ΙΙ
1751 2661 1803 2701 13
1827 2656 1917 2702 Be-

227 2714 480 2758 neventani
503 2728 539 2758 c.
564 2730 609 2760 v.
639 2715 828 2770 scripsi.-
859 2715 1229 2760 beneuentanicu
1250 2718 1266 2773 ΙΙ
1292 2721 1346 2759 16
1378 2715 1640 2774 multiplice
1663 2719 1679 2770 ΙΙ
1707 2721 1758 2760 17
1784 2716 1879 2760 feni
1913 2714 1919 2774 Ι

233 2778 287 2817 18
306 2773 558 2818 absintium
582 2775 598 2827 ΙΙ
624 2778 677 2818 19
697 2772 827 2829 equis
850 2773 866 2829 ΙΙ
890 2779 945 2817 22
963 2775 1219 2819 contundes
1248 2781 1253 2823 1
1282 2775 1508 2819 sextarios
1535 2779 1543 2832 Ι
1571 2774 1633 2819 111
1650 2775 1698 2819 R
1741 2773 1917 2833 s'HPJ

229 2836 286 2876 23
311 2836 411 2877 unc.
439 2831 598 2890 semis]
619 2833 808 2890 οὐγγίας
831 2831 879 2886 ἕξ
904 2833 962 2878 Η
996 2833 1187 2890 οὐγκίας
1211 2831 1259 2888 ἕξ
1283 2834 1330 2878 Ρ
1347 2836 1363 2890 ΙΙ
1386 2839 1443 2878 24
1468 2839 1680 2890 preterea
1702 2835 1718 2890 ΙΙ
1743 2840 1797 2878 25
1824 2833 1915 2878 sal-

229 2890 378 2935 uatici
399 2893 415 2949 u
439 2895 495 2936 29
527 2892 795 2950 trexogonis
819 2894 834 2950 u
858 2897 915 2937 30
946 2892 1191 2937 baccarum
1214 2895 1230 2951 ΙΙ
1253 2898 1308 2938 31
1342 2907 1526 2950 myrrae
