2060 3232
825 141 1220 192 -171—

183 275 330 326 κηροῦ
354 270 528 342 λίτραν
567 264 701 342 μίαν,
748 263 939 342 ῥἠτίνης
981 274 1189 325 φρυκτῆς
1225 277 1279 325 76
1318 268 1383 324 δ’,
1424 268 1497 314 ἰοῦ
1536 278 1589 327 γό
1634 272 1681 330 β’
1729 267 1866 333 ε’λαίῳ

184 326 453 401 συνεψήσας
487 333 595 384 χρῶ.
658 325 770 370 ὥστε
810 326 871 383 μὴ
912 324 1044 383 ῤ’ῆξιν
1085 328 1337 384 ὑπομεῖναι
1374 328 1628 385 τραχήλους
1667 335 1863 387 μουλῶν,

181 394 319 431 τοῦτο
350 383 475 430 ποίει
506 388 600 429 κτλ.
665 386 727 429 M
757 389 841 429 142
873 385 998 446 αρλ’.

306 443 400 490 245
432 443 527 488 246
557 443 615 488 Η
641 447 694 488 91
739 443 856 499 πρὸς
892 443 1041 488 πόνον
1080 444 1357 490 σπονδύλου.
1418 445 1531 490 ibid.
1570 447 1685 503 πρὸς
1725 462 1867 492 σπον-

182 504 335 548 δύλων
380 500 555 553 πόνους
591 502 673 546 καὶ
719 503 957 559 σπασμοὺς
993 509 1084 546 τῶν
1132 499 1183 548 ἐν
1231 505 1389 555 αὐτοῖς
1434 504 1628 562 νεύρων.
1691 506 1754 549 Μ
1781 512 1863 551 142

182 579 214 606 α
245 562 336 607 λα’.
384 579 415 623 ᾳ
419 564 469 618 ρλ

188 579 241 624 ’ρ
264 620 355 665 247
390 606 456 664 Η
419 559 567 665 ρβ298
614 617 914 676 Πελαγωνίου
962 619 1182 671 σύνθεσις
1205 623 1427 678 λιπαρῶν.
1475 621 1763 679 λιθαργύρου
1810 632 1865 679 γό

176 677 231 734 ἐξ
263 683 356 723 κτλ.
411 679 475 722 Μ
502 683 583 723 131
618 677 698 722 αν’
733 680 1036 735 Πελαγωνίου
1069 679 1288 731 σύνθεσις
1319 684 1529 737 λιπαρᾶς.

301 738 395 782 248
427 724 739 811 speclaria]
772 737 829 781 cf.
864 739 1024 782 Galen.
1041 738 1148 781 XIII
1167 744 1251 783 663
1277 739 1329 783 τὸ
1354 739 1586 795 διαφανὲς
1610 739 1662 783 δὲ
1694 740 1866 784 καλού-

185 813 344 854 μενον,
378 795 402 841 ὃ
435 794 714 854 σπεκλάριον
746 795 1024 853 ὀνομάζουσι
1056 795 1285 854 Ρωμαῖοι.
1340 800 1599 853 specularia
1638 800 1867 844 combusta

187 857 332 900 habes
364 856 489 912 apud
519 854 725 899 Marcell.
753 859 822 911 10,
846 859 918 911 49,
949 857 1199 912 specularis
1222 857 1337 902 cocti
1351 857 1415 902 ib.
1433 862 1504 913 36,
1523 862 1592 902 72.
1633 858 1690 901 cf.
1709 858 1863 902 Seren.

181 913 354 959 Samm.
381 871 482 959 6³72.
539 914 664 959 Cass,
690 913 822 957 Felix
845 917 915 958 3-2.
942 920 1014 959 39.
1039 919 1108 959 73.

299 972 395 1018 249
426 972 587 1016 Simile
619 973 690 1016 esf.
712 975 813 1017 235.

300 1032 392 1076 251
426 1029 665 1075 Excidisse
694 1030 881 1075 videtur
912 1030 1089 1088 sinapis
1121 1044 1338 1076 mensura
1368 1033 1735 1089 (acetabulumP).

306 1090 400 1135 252
435 1092 496 1134 Μ
525 1095 581 1135 32
618 1090 723 1147 ρμε’
756 1090 874 1147 πρὸς
903 1089 962 1134 τὰ
992 1089 1137 1134 λεπτὰ
1167 1097 1259 1134 τῶν
1291 1089 1461 1135 ὀστέων
1492 1090 1597 1146 ἤτοι
1627 1092 1819 1149 νεύρων.

302 1149 622 1206 ossilagine
635 1149 674 1206 s]
708 1150 765 1193 cf.
791 1150 905 1206 Veg.
929 1149 995 1192 III
1019 1154 1090 1204 22,
1119 1156 1140 1193 1
1181 1151 1224 1194 si
1253 1155 1470 1195 tumorem
1506 1152 1662 1206 fecerit
1692 1152 1862 1196 durum

180 1209 399 1253 callosum
415 1213 457 1253 et
473 1209 713 1266 ossilayini
723 1209 912 1253 similem
922 1209 1046 1265 (cum
1064 1207 1169 1254 adn.
1181 1207 1451 1253 Schneideri
1465 1210 1525 1254 ad.
1534 1209 1805 1267 Veg.11152,
1820 1212 1862 1266 1)

178 1269 230 1312 et
251 1267 316 1311 VI
342 1273 412 1322 14,
431 1272 457 1311 3
484 1288 539 1304 =
563 1267 723 1324 Pelag.
746 1267 914 1323 fragm.
938 1271 1040 1311 491.

298 1327 522 1371 resinae
555 1325 872 1383 aeronalis]
912 1324 1035 1370 infra
1072 1326 1196 1371 redit
1233 1330 1341 1381 409,
1375 1327 1539 1371 eadem
1577 1326 1864 1371 restituenda

182 1385 383 1442 Vegetio
423 1384 490 1427 III
521 1390 598 1441 23,
634 1390 656 1428 1
701 1399 758 1428 ex
806 1383 1074 1429 Corbeiensi
1105 1386 1333 1441 (acronali
1378 1385 1546 1442 Goth).
1602 1399 1707 1430 aero
1753 1386 1863 1442 (ero)

182 1443 375 1501 cophini
412 1443 490 1489 vel
530 1457 677 1500 cupae
717 1457 862 1499 genus
909 1446 979 1488 est
1016 1443 1168 1501 (Corp.
1200 1444 1340 1501 gloss.
1365 1443 1410 1487 II
1432 1459 1478 1501 p.
1506 1449 1559 1488 12
1603 1457 1708 1490 aero
1746 1443 1862 1498 κόϊξ,

178 1502 297 1548 Poll.
327 1508 396 1559 10,
424 1508 507 1547 179
539 1501 640 1556 κόϊξ
672 1502 862 1559 ἀγγεῖον
893 1502 1201 1559 ἀλφιτήριον).
1264 1502 1469 1561 Georges
1501 1504 1590 1547 leX.
1617 1503 1716 1547 VII.
1750 1503 1861 1547 edit.

179 1562 515 1619 infierpretatus
548 1566 620 1606 est
652 1561 732 1606 ‘im
775 1562 1007 1618 Traylcorb
1046 1563 1355 1618 aufbewahrt,
1395 1576 1484 1607 von
1523 1563 1663 1607 hester
1694 1561 1864 1616 Sorte’,

179 1636 289 1665 num
321 1623 446 1665 recte
479 1621 657 1665 dubito.
707 1619 763 1664 cf.
789 1619 912 1664 infra
935 1621 995 1665 ad
1020 1624 1121 1664 323.

299 1679 394 1724 253
427 1681 481 1723 Η
509 1684 595 1724 255
627 1680 750 1723 ἄλλο.
798 1686 958 1723 κισσοῦ
992 1677 1250 1736 σπέρματος
1288 1677 1402 1736 μέρη
1436 1679 1544 1735 δύο,
1585 1681 1865 1736 στυπτηρίας

185 1738 463 1795 στρογγύλης
489 1736 545 1782 ἓν
578 1739 769 1789 λειώσας
798 1765 858 1770 -
888 1738 1055 1782 incidit
1084 1739 1254 1783 lacuna
1284 1764 1342 1771 -—
1373 1738 1431 1782 cf.
1450 1743 1549 1782 254.
1594 1740 1654 1782 Μ
1677 1743 1732 1783 98
1757 1737 1860 1795 χογ’

177 1798 296 1855 πρὸς
343 1797 598 1855 σκλήρωσιν
641 1797 821 1854 ὀνύχων
862 1796 988 1854 (χοα’
1029 1797 1272 1854 Pelagonii
1310 1810 1480 1841 nomen
1526 1797 1864 1854 praescriptum

177 1860 282 1914 est).
343 1857 462 1914 Veg.
488 1857 551 1900 III
576 1861 632 1901 58
657 1862 682 1900 2
715 1859 993 1901 naturaliter
1016 1861 1167 1901 autem
1190 1857 1342 1901 molles
1363 1857 1563 1913 unyulae
1586 1857 1860 1912 solidantur,

181 1917 223 1960 si
244 1917 432 1960 hederae
461 1916 645 1960 seminis
667 1916 784 1960 duas
800 1920 959 1972 partes
989 1920 1032 1960 et
1062 1916 1281 1960 aluminis
1311 1916 1502 1960 rotundi
1524 1929 1666 1959 wnam
1683 1920 1862 1972 partem

178 1976 359 2032 pariter
403 1976 657 2020 contundas
688 1979 729 2019 et
759 1975 970 2019 calceatis
992 1975 1188 2031 pedibus
1212 1988 1298 2031 per
1327 1975 1491 2019 multos
1528 1975 1623 2018 dies
1653 1975 1862 2019 inducas.

298 2033 395 2079 254
426 2034 478 2077 In
509 2033 566 2077 H
593 2038 680 2078 254
713 2033 896 2077 Eumeli
920 2033 1106 2077 nomine
1131 2033 1278 2077 fertur
1298 2032 1417 2107 πρὸς
1441 2030 1861 2090 ὑποτετριμμένους

176 2092 343 2143 πόδας.
383 2089 467 2137 ἐὰν
505 2093 742 2166 ὑποτρίψῃ
783 2094 920 2147 ζῶον,
959 2095 1123 2165 θερμῷ
1161 2090 1387 2148 προσήκει
1423 2091 1562 2135 υδατι
1599 2094 1860 2147 πυριᾶσθαι

179 2152 432 2226 οἰξουγγίῳτ
425 2167 474 2196 τε
500 2147 845 2206 ε’παλείφεσθαι
860 2150 942 2194 καὶ
967 2146 1045 2194 ἐπὶ
1069 2150 1295 2207 ὀστράκου
1321 2149 1503 2204 ζέοντος
1525 2151 1861 2204 ἀποτίθεσθαι,

178 2206 838 2344 ἔῖἷξιςλὲᾒιέᾕῖἷῗςέῗὲἒη
849 2210 1081 2312 lgm&
1107 2208 1315 2328 ὃὲιὸξῗξ
1351 2216 1501 2322 {2³33
1537 2208 1865 2339 {ww}

179 2328 320 2384 τρισί·
376 2334 512 2371 τοῦτο
544 2326 625 2371 καὶ
657 2326 788 2401 βουσὶ
821 2328 1004 2401 βοηθεῖ.
1045 2313 1344 2371 continuat-:ur
1382 2327 1444 2371 M
1470 2332 1525 2371 96
1557 2323 1660 2383 χξς’
1694 2324 1865 2383 (Εὐμή-

182 2389 263 2430 λου
295 2386 412 2443 πρὸς
443 2387 574 2430 υποτ.
606 2387 735 2442 ποδ.)
766 2386 854 2430 ita.
887 2402 969 2429 και
999 2385 1188 2442 αρμόζει
1219 2386 1451 2442 γίνεσθαι.
1493 2387 1670 2444 βοηθεῖ
1694 2384 1745 2429 δὲ
1769 2401 1866 2435 τοις

181 2445 316 2504 βουσὶ
347 2445 398 2489 τὸ
429 2447 570 2503 πίσσῃ
603 2446 888 2501 ἀλείφεσθαι
918 2443 977 2488 τὰ
1007 2444 1181 2512 κέρατα
1213 2451 1406 2501 στερεῶς
1444 2449 1518 2498 (ef.
1546 2443 1641 2489 Col.
1667 2444 1861 2499 V115,2

180 2518 235 2548 ac
260 2505 366 2560 pice
396 2505 576 2560 liquida
607 2518 709 2549 cum
739 2505 832 2549 oleo
873 2508 914 2548 et
956 2508 1167 2561 axunyia
1205 2518 1381 2548 cornua
1417 2504 1516 2548 eius
1553 2505 1781 2557 linuntur,
1816 2505 1864 2545 et

181 2564 396 2607 auctores
437 2576 465 2606 a
506 2562 786 2607 Schneidero
834 2563 895 2606 ad
937 2562 1032 2608 Col.
1065 2579 1110 2619 p.
1143 2566 1227 2606 331
1260 2561 1507 2619 laudatos).
1557 2560 1622 2612 εἰς
1660 2559 1712 2605 δὲ
1758 2561 1865 2610 τοὺς

177 2628 270 2665 τῶν
302 2621 427 2675 ζώων
458 2620 609 2673 πόδας
648 2617 726 2666 ἐπὶ
762 2621 934 2672 πολλὰς
979 2620 1155 2694 ἡμέρας
1193 2621 1372 2693 ὄροβον
1394 2620 1509 2677 μετὰ
1546 2627 1638 2664 τῶν
1677 2622 1862 2675 κριθῶν

180 2681 292 2730 δους
321 2697 350 2735 η
391 2680 557 2725 κόστου
601 2680 756 2738 (scrib.
798 2682 977 2736 κισσοῦ)
1020 2679 1278 2738 σπέρματος
1317 2679 1431 2737 με’ρη
1478 2678 1544 2737 β’,
1584 2679 1864 2734 στυπτηρίας

182 2735 954 2856 ξὲρέξνὲληέώὶξῖὶἕρὲἒξοϊῒέ
964 2737 1865 2856 fiffssp222‘203“5.123'0⁰3.1u2¹253?b{¹⁰53}

182 2857 427 2901 deerrante
459 2857 593 2902 oculo
627 2857 785 2903 omisit
814 2857 957 2903 verba
996 2859 1185 2933 unyulis
1225 2857 1443 2913 alliyabis
1481 2859 1539 2911 (v.
1574 2856 1678 2910 253)
1717 2866 1863 2908 usque

179 2919 336 2959 testam
381 2917 643 2962 candentem
682 2951 692 2961 .
734 2951 745 2962 .
785 2950 795 2961 .
838 2951 848 2962 .
881 2915 1013 2974 ἄχρις
1058 2913 1112 2962 οὗ
1156 2914 1415 2972 ἀνάσχηται
1454 2913 1534 2958 καὶ
1572 2929 1687 2970 μετα
1728 2919 1864 2956 τοῦτο
